2060 3444
580 143 941 216 Philosophico
955 178 977 185 —
991 146 1222 202 politica.
1584 153 1590 158 ⁴
1678 165 1760 214 171

78 227 120 262 ab
128 228 354 266 urinatoribus
362 229 529 278 decerpti,
570 242 650 265 mox
659 241 694 264 ac
714 232 749 264 in
765 242 877 265 auram
887 231 1071 265 educuntur
1084 255 1094 272 ,
1118 228 1296 278 crystallini
1316 228 1433 277 lapidis
1449 240 1600 265 naturam
1610 230 1765 277 quasiin-⁴

82 280 187 313 dnum
199 301 209 317 ,
235 283 323 314 unde
332 281 532 315 adornandis
542 278 699 314 altaribus
709 281 894 326 peridonei,
946 279 1100 314 Mirabile
1121 282 1167 316 est
1181 304 1191 322 ,
1217 280 1310 326 quod
1319 280 1358 314 de
1368 282 1449 315 mari
1460 281 1554 314 Pario
1568 291 1697 314 novum
1708 278 1765 321 'ot-

80 327 153 361 bem
162 327 308 363 alluente
322 330 463 365 traditur
474 353 485 371 ,
510 340 559 363 tot
571 327 681 362 herbis
689 329 873 364 virentibus
887 330 947 362 hoc
960 331 1161 374 implicitum
1178 327 1239 363 esse
1250 352 1260 369 ,
1285 339 1321 363 ut
1334 331 1481 377 navigari
1491 341 1558 363 non
1570 327 1764 376 possitobfi-

79 375 232 411 dentibus
241 381 362 415 retium
374 391 467 413 more
478 376 856 428 longiffimisssierbarum
867 377 1076 422 ramusculis3
1100 377 1283 424 exsurgunt
1294 376 1334 411 ab
1347 381 1417 413 irno
1431 404 1439 416 ‚
1463 380 1498 413 in
1508 377 1677 425 superficie
1686 388 1764 411 coa-

77 424 216 464 iescam,
241 431 276 462 δέ
288 425 615 476 superantinterdum
630 438 719 460 mare
732 427 849 474 palmis
859 427 1059 474 quindecim.
1120 427 1236 463 Refert
1253 425 1448 466 Pliniusrlib.
1461 440 1514 474 13.
1524 439 1555 466 c.
1572 438 1630 472 25,
1641 428 1678 460 in
1691 438 1763 460 rna·

79 473 217 509 ritubto
227 475 352 512 laurum
364 476 508 511 maxime
517 476 672 522 progigni
702 478 750 510 uti
769 480 804 512 δε
828 478 951 511 olivam
968 475 1128 511 ferentem
1141 477 1253 511 baccas
1267 474 1324 509 etfi
1349 477 1454 523 pluat,
1464 476 1600 524 fungos,
1625 474 1764 523 quisole

79 525 168 562 raeti.
195 529 409 561 mutanturin
420 527 596 572 pumicem.
645 526 813 560 fruticum
836 527 979 574 ipsarum
990 527 1187 573 magnitudo
1198 536 1368 559 ternorum
1382 527 1427 559 est
1437 525 1625 578 cubitoqim
1636 547 1646 564 ,
1673 527 1766 569 cani÷

79 573 161 607 culis
172 575 312 615 referta,
338 587 374 610 ut
383 577 438 609 vix
451 574 490 608 de
502 575 576 607 navi
585 573 741 619 respicere
751 586 860 610 tutum
879 574 917 609 fit
930 598 941 613 ,
963 587 1071 609 remos
1084 576 1278 622 plerumque
1294 575 1381 621 ipios
1396 576 1641 617 invadentibus,
1666 574 1767 621 Poly„

80 621 260 659 biusetiam
269 626 429 662 narrat,in
438 626 519 657 mari
529 621 817 671 Lufitanicogigni
829 636 967 673 quercus
979 649 989 664 ‚
1004 636 1145 671 quarum
1154 624 1273 672 glande
1284 624 1421 669 Thynni
1433 624 1620 664 vescantur,
1644 627 1679 659 δ(
1689 626 1766 670 pin·

82 676 254 718 guelcant.

175 719 352 756 Conclusio
373 721 502 768 quinta.
554 720 665 755 Datur
685 719 879 769 plerumque
892 723 989 756 etiam
1013 723 1152 757 marium
1171 723 1241 770 quo
1251 724 1289 757 ad
1301 726 1385 758 vires
1399 725 1434 757 δε
1446 723 1660 769 proprietates
1668 735 1766 770 quas-

79 769 155 804 dam
170 772 506 804 communicatiocum
518 767 583 803 illis
602 780 760 805 terrarum
775 771 931 806 tractibus
945 795 955 811 ,
981 783 1064 818 quas
1074 772 1267 807 allambunt.
1293 775 1381 808 Hinc
1392 784 1480 805 mare
1498 783 1668 806 mortuum
1687 775 1768 819 quia.

81 818 248 854 latoribus
259 821 404 864 cingitur
417 816 648 857 bituminosa,
673 822 708 853 δε
724 833 811 854 mare
821 820 956 854 rubrum
967 843 976 857 ‚
1002 821 1093 867 quod
1110 833 1185 855 curn
1202 823 1318 855 eodem
1333 834 1388 869 per
1399 820 1629 855 subterraneos
1641 832 1767 856 meatus

81 870 302 902 communicat
313 895 325 911 ,
351 869 449 901 etiarn
472 864 587 901 faetura
608 869 812 903 bituminosa
836 869 1032 917 quibusdam
1043 873 1075 903 in
1087 868 1167 903 locis
1179 871 1296 904 referta
1310 871 1398 906 sunu

180 920 313 959 Quaeres
324 917 445 963 primo,
472 916 543 950 Cur
552 929 640 951 mare
650 930 718 951 non
727 917 867 957 deficiat,
880 917 935 952 etfi
952 917 1008 952 Sol
1018 918 1098 953 illud
1111 918 1274 952 continuo
1286 919 1397 953 siccare
1408 916 1558 954 laboret?
1608 917 1765 965 Respon-

81 967 330 1006 deffinitionem
349 965 431 1004 este,
443 966 521 1012 quia
542 965 705 1012 quantum
723 979 777 1012 per
795 970 971 1014 vaporesin
994 965 1277 1003 sublime—‘evectos
1299 970 1489 1001 exhauritur
1503 978 1606 1004 mate,
1633 980 1770 1003 tantun-

81 1018 156 1050 dem
171 1013 360 1049 nubibusin
372 1015 499 1061 pluvias
512 1015 661 1049 resolutis
671 1014 872 1051 refunditur.
923 1017 1019 1050 Unde
1030 1029 1166 1051 erronea
1178 1019 1221 1051 cst
1234 1017 1365 1051 iliorum
1379 1019 1515 1061 opinio,
1534 1018 1592 1062 qui
1604 1020 1700 1050 maris
1712 1031 1770 1051 va-

81 1064 348 1111 poribusSolem,
374 1076 442 1098 non
458 1063 544 1097 secus
555 1076 590 1098 ac
601 1066 782 1099 Lucernam
803 1065 877 1100 oleo
891 1063 975 1112 pasci
995 1067 1203 1100 crediderunt
1216 1090 1225 1104 ‚
1253 1072 1448 1113 priusquam
1459 1068 1547 1099 enim
1562 1076 1696 1112 vapores
1709 1066 1769 1101 loli

77 1115 349 1161 appropinquent
360 1135 371 1152 ‚
395 1114 413 1147 ὲ
427 1112 552 1160 frigore
562 1112 706 1148 secundae
720 1117 880 1162 Regionis
892 1114 1121 1149 aereaedensati
1135 1118 1164 1148 le
1181 1118 1216 1149 in
1227 1128 1313 1148 mare
1324 1114 1521 1149 refundunt.

178 1164 316 1206 Quaeres
326 1162 480 1199 secundo.
506 1162 577 1196 Cur
595 1165 629 1196 in
640 1161 745 1210 globo
756 1175 939 1211 terraqueo‚
961 1167 1113 1210 quamvis
1131 1177 1178 1198 ma
1186 1168 1272 1199 xima
1285 1164 1345 1198 sint
1362 1168 1394 1198 in
1408 1177 1447 1196 eo
1460 1176 1523 1197 mar
1533 1177 1559 1197 ia
1572 1167 1604 1197 ὃς
1614 1175 1774 1209 aquarum

79 1211 119 1246 ad
129 1213 240 1246 eadem
253 1213 403 1259 ingentes
416 1210 559 1257 plurium
570 1211 747 1246 fluminum
766 1212 882 1260 illapsu
899 1212 1146 1253 fiuntaffluxus‚
1159 1214 1249 1248 nulla
1261 1226 1369 1248 tamen
1385 1225 1531 1260 unquam
1542 1218 1715 1260 contingat
1726 1226 1777 1247 re-

80 1261 262 1296 dundantia
273 1286 285 1305 ‚
298 1260 367 1308 qua.
378 1260 499 1294 limites
508 1258 581 1295 suos
592 1260 792 1295 constitutos
801 1261 1076 1301 transcenderent,
1130 1264 1329 1309 Rci'pondeo
1338 1267 1462 1296 caulam
1475 1259 1537 1295 esse
1546 1265 1668 1307 primii,
1680 1262 1773 1308 quod

82 1323 139 1358 per
147 1309 298 1345 occultos
311 1321 438 1344 meatus
449 1307 675 1344 subterraneos
685 1313 881 1345 tantundem
890 1324 983 1358 aquae
995 1312 1106 1346 denuo
1116 1314 1154 1346 ad
1169 1313 1229 1347 alia
1241 1314 1341 1346 maria
1351 1336 1359 1350 ‚
1387 1310 1637 1355 hungis-lumina
1646 1315 1682 1345 δε
1695 1310 1774 1346 fon-

82 1361 166 1394 tium
176 1360 388 1407 scaturigines
401 1357 581 1393 abducatur
591 1369 603 1404 ς
630 1359 728 1394 velut
738 1359 893 1408 Digbaeus
901 1359 1052 1396 observat
1063 1362 1194 1397 tantum
1204 1361 1222 1396 a
1234 1361 1306 1395 Sole
1316 1360 1478 1395 delibetur
1488 1364 1522 1394 in
1534 1360 1637 1394 nubes
1646 1365 1682 1395 &
1693 1373 1776 1396 ven-

82 1419 146 1447 tos,
160 1408 327 1456 quantum
341 1419 392 1442 tot
402 1407 597 1442 fluminibus
626 1414 807 1457 aggeritur.

180 1456 495 1505 Colligestarnenex
508 1457 664 1492 doctrina
677 1458 803 1493 Aristot
820 1457 844 1495 l.
868 1469 898 1495 1.
924 1457 1025 1505 hujus
1039 1461 1151 1504 operis
1171 1471 1242 1504 cap.
1266 1470 1318 1503 14.
1337 1470 1494 1507 magnam
1515 1457 1586 1492 fieri
1607 1457 1778 1505 progressu

85 1517 276 1554 temporum
288 1510 321 1540 in
332 1517 417 1540 terra
426 1505 467 1539 ab
477 1508 573 1553 aquis
581 1510 824 1552 mutationem3
855 1507 1002 1553 primum
1022 1512 1110 1542 enim
1121 1511 1168 1542 ait
1178 1508 1333 1555 quasdam
1345 1520 1435 1542 terrae
1446 1518 1553 1553 partes
1565 1507 1654 1541 velut
1669 1513 1776 1542 circu-

84 1554 167 1590 loex
181 1557 280 1590 aridis
290 1555 442 1590 humidas
450 1556 541 1590 reddi
554 1579 566 1595 ‚
591 1559 626 1591 oc
639 1569 680 1590 ex
696 1557 843 1591 humidis
862 1557 967 1591 aridas
980 1581 990 1596 ,
1009 1556 1141 1605 esseque
1155 1560 1188 1590 in
1204 1558 1262 1590 hac
1274 1569 1308 1590 re
1324 1568 1443 1591 terram
1454 1557 1678 1590 animantibus
1689 1556 1779 1591 fimi·

84 1604 152 1640 lem
167 1628 177 1643 ,
198 1605 291 1652 quod
304 1604 439 1638 illorum
454 1605 744 1649 morejuvenescat
757 1609 791 1640 δε
803 1607 933 1648 vigeat,
957 1607 1066 1652 postea
1086 1605 1245 1645 ienescat‚
1267 1610 1302 1640 δε
1316 1608 1349 1640 in
1359 1607 1559 1640 deteriorem
1573 1606 1690 1639 statum
1704 1617 1782 1640 mu..

85 1664 172 1690 tetur
183 1664 195 1699 3
224 1652 285 1688 nisi
299 1655 392 1701 quod
403 1664 511 1688 totum
522 1654 669 1688 animale
685 1653 861 1700 juventute
870 1655 909 1688 ad
922 1653 1049 1689 senium
1059 1653 1175 1690 tranfit
1186 1678 1197 1693 ,
1218 1658 1347 1701 integra
1362 1657 1441 1690 vero
1453 1666 1536 1688 terra
1545 1666 1614 1688 non
1630 1653 1782 1693 item,sed

83 1705 215 1738 ratione
227 1702 384 1742 aliarum,
410 1713 514 1750 atque
523 1703 662 1738 aliarum
678 1706 835 1750 partium.
887 1705 1072 1748 juvenescit
1083 1715 1191 1738 autem
1207 1715 1288 1738 tetra
1299 1727 1309 1742 ‚
1335 1705 1415 1738 dum
1433 1704 1514 1738 hum
1527 1704 1716 1738 humoread
1726 1701 1785 1738 fae-

84 1753 292 1788 canditatem
308 1763 387 1800 apto
405 1754 585 1801 irrigatur.)
611 1752 744 1787 senescit
760 1753 839 1787 dum
858 1752 1000 1788 humore
1016 1755 1062 1788 ita
1076 1754 1264 1788 destituitur
1278 1776 1289 1792 ,
1305 1765 1341 1787 ut
1359 1754 1474 1787 sterilis
1490 1752 1567 1798 fiat3
1603 1765 1671 1800 quo
1684 1753 1783 1798 pasto

84 1801 214 1850 aliquot
224 1813 316 1836 terrae
330 1812 439 1849 partes
453 1825 463 1842 ,
480 1802 574 1849 quod
586 1800 672 1837 alere
685 1802 838 1837 homines
851 1814 920 1837 non
938 1801 1069 1849 possent
1086 1826 1096 1842 ‚
1125 1803 1257 1836 incultae
1271 1825 1281 1841 ,
1303 1801 1602 1849 inhabitabilesque
1621 1799 1785 1841 mansere.

88 1853 191 1888 Addit
204 1850 342 1886 subinde
352 1853 386 1885 in
399 1851 514 1886 eodem
525 1853 628 1898 capit.
642 1849 1042 1897 Philosophusinterdum
1053 1854 1284 1886 continentem
1296 1851 1367 1885 fieri
1386 1863 1473 1885 mare
1485 1854 1521 1885 ὅ(
1535 1860 1651 1884 contra
1665 1874 1675 1890 ‚
1703 1863 1785 1885 nam

85 1902 165 1937 cum
177 1902 276 1934 maris
285 1899 640 1947 agitatioecoelestium
650 1912 832 1946 corporum
847 1903 923 1935 vi&
933 1898 1110 1934 efficientia
1123 1910 1255 1942 mane13
1283 1898 1304 1933 si
1316 1902 1489 1946 contingat
1498 1912 1534 1934 ea
1545 1898 1741 1934 fiderainter
1753 1899 1785 1935 se

87 1953 178 1985 coire
193 1973 204 1988 ‚
220 1952 256 1985 &
269 1947 479 1996 conspirare,
499 1961 573 1997 quae
589 1949 629 1983 ad
649 1948 813 1983 fluc'kuum
829 1950 1026 1994 jactationes
1051 1947 1235 1995 plurimum
1252 1949 1381 1983 valeant
1396 1960 1407 1994 3
1434 1950 1522 1983 iaevit
1539 1948 1628 1982 ultra
1642 1950 1784 1983 modum

89 1999 225 2048 pelagus
235 2021 245 2037 ,
273 1998 315 2033 ita
328 2009 364 2032 ut
376 1997 557 2046 aliquando
565 2000 769 2033 continentis
779 1997 926 2045 aliquam
942 2009 1067 2045 partem
1079 1996 1200 2032 accessu
1211 1998 1351 2032 inundet
1361 2023 1370 2038 ,
1387 2001 1468 2033 &in
1480 1997 1647 2045 posterum
1669 1996 1715 2033 sui
1725 1997 1782 2042 ju-

90 2052 135 2084 ris
145 2048 267 2092 faciat3
293 2047 344 2081 vel
355 2047 475 2082 recessu
494 2048 646 2095 detegat,
658 2051 694 2083 δέ
706 2047 882 2082 hominum
902 2050 1017 2095 generi
1027 2048 1196 2083 attribuat.
1250 2048 1301 2081 Sic
1319 2049 1349 2081 D
1359 2047 1426 2082 elos
1443 2052 1478 2083 ὅ(
1489 2047 1631 2082 Rhodus
1642 2060 1684 2081 ex
1692 2049 1788 2095 aquis

91 2097 204 2132 denuo
214 2096 355 2130 extitiffe
368 2097 538 2133 dicuntur.
588 2098 640 2131 Sic
651 2098 737 2132 ultra
751 2097 866 2132 Melon
875 2095 1006 2131 emerfit
1016 2097 1175 2143 Anaphe:
1196 2099 1283 2130 inter
1298 2097 1458 2133 Lemnum
1477 2100 1512 2132 δε
1525 2095 1784 2142 Hellespontum

92 2149 197 2192 Nen;
223 2148 310 2180 inter
321 2145 487 2180 Lebedum
500 2147 662 2184 &Teom
685 2145 812 2185 Alone,
832 2149 917 2181 inter
926 2145 1101 2192 Cycladas,
1123 2148 1223 2181 Phera
1241 2172 1252 2189 ,
1288 2145 1456 2185 Pherasia,
1483 2147 1597 2182 Hiera.
1626 2146 1677 2180 Sic
1691 2159 1781 2181 non-

95 2196 192 2231 nullae
202 2195 316 2230 Insulae
327 2195 420 2230 factae
434 2219 442 2234 ,
464 2208 536 2243 quae
556 2206 652 2230 antea
663 2198 850 2230 continenti
867 2197 987 2241 junstae
1002 2205 1118 2240 erant3
1144 2208 1220 2231 nam
1233 2195 1340 2229 Sicilia
1349 2195 1388 2229 ab
1401 2195 1490 2231 Italia
1503 2193 1613 2230 avulsa
1623 2195 1746 2231 dicitur
1762 2219 1777 2237 ,

94 2245 366 2291 CyprusaSyria.
389 2243 548 2280 Euboea&
565 2247 701 2280 Boeotia
715 2270 723 2283 ‚
744 2244 926 2291 Besbycum
939 2245 956 2279 a
966 2244 1141 2292 Bythynia‚
1165 2249 1199 2280 &
1213 2246 1362 2290 quaeu'am
1373 2246 1455 2284 aliae.

194 2295 392 2329 Econtratio
404 2293 698 2341 quasdamlnsulas
711 2297 916 2338 junxitmare
928 2296 1043 2331 terris,
1068 2306 1104 2328 ut
1127 2294 1286 2329 Ancillam
1308 2293 1412 2328 Lesbo
1431 2321 1442 2338 ‚
1463 2294 1670 2340 Zephyrium
1690 2294 1787 2334 Hali-

99 2340 262 2381 carnasso,
283 2342 438 2378 Ethusam
451 2345 592 2382 Mindo,
612 2343 808 2378 Dromiscon
819 2347 854 2379 δε
866 2345 1002 2377 Pernen:
1015 2342 1136 2378 Mileto
1146 2367 1155 2381 ,
1175 2342 1413 2378 Narthecusam
1432 2344 1613 2378 Parthenio
1626 2356 1789 2391 promon-

101 2393 202 2428 torio.
251 2393 474 2428 Rursusidern
496 2406 585 2428 mare
599 2391 710 2438 (quasi
730 2396 818 2439 paria
831 2392 911 2426 velit
923 2391 1053 2430 facere,
1076 2392 1236 2437 quaealibi
1247 2389 1339 2423 dedit
1352 2390 1430 2425 hinc
1440 2391 1643 2430 auferendo,
1671 2397 1705 2427 &
1717 2402 1790 2437 qua:

100 2441 179 2476 hinc
192 2451 250 2486 per
258 2444 404 2487 rapinam
419 2442 553 2476 abstulit
566 2442 762 2487 reddendo)
789 2439 887 2476 urbes
910 2441 1078 2486 quasdam
1090 2438 1214 2477 hausit,
1235 2450 1271 2472 ur
1292 2439 1449 2484 Pyrrham
1466 2445 1500 2474 δε
1521 2438 1690 2473 Antissam
1703 2443 1791 2473 circa

100 2491 275 2534 Maeotim,
293 2490 413 2526 Elicem
432 2515 442 2530 ,
465 2496 500 2527 δε
528 2494 648 2526 Buram
665 2494 700 2526 in
719 2489 790 2524 finu
804 2489 1000 2526 Corinthio.
1051 2490 1123 2524 Nec
1143 2486 1277 2523 defuere
1290 2487 1530 2535 quipuniriur,
1550 2498 1659 2522 totum
1672 2499 1792 2525 mare„

102 2538 385 2575 Mediterraneum
396 2543 481 2575 inter
493 2541 667 2575 columnas
680 2538 834 2575 Herculis
845 2542 933 2574 viam
945 2537 1053 2573 fibiex
1062 2540 1203 2573 Oceano
1220 2539 1254 2572 in
1271 2539 1394 2572 medias
1405 2549 1507 2572 terras
1521 2535 1691 2583 aperuisse.
1719 2538 1791 2571 Ιωὸ

102 2592 137 2624 &
150 2588 191 2621 ad
200 2599 273 2621 oras
281 2587 473 2625 athlanticas
487 2589 630 2625 Insulam
642 2590 809 2637 quandam
819 2613 829 2627 ‚
847 2590 1036 2623 atlanticam
1048 2591 1188 2622 nomine
1201 2611 1210 2626 ,
1227 2590 1390 2632 majorem
1407 2588 1580 2634 quondam
1601 2583 1718 2618 Africa
1737 2585 1793 2621 Ο.

103 2641 197 2672 teani
213 2635 369 2672 fluctibus
377 2638 561 2687 absorptam
576 2639 689 2679 suifle,
705 2637 851 2686 ideoque
861 2637 1142 2685 Christophorum
1157 2635 1366 2672 Columbum
1376 2639 1557 2672 oAmeticae
1568 2637 1795 2673 inventorem,

105 2687 188 2722 dum
197 2688 299 2720 maria
316 2686 504 2734 exploraret
518 2716 530 2733 ‚
549 2689 684 2737 pelagus
693 2688 778 2724 inibi
792 2687 949 2722 vadosum
961 2690 996 2723 &
1005 2685 1182 2723 herbidum
1191 2684 1378 2725 offendisse.
1431 2687 1493 2721 Sed
1504 2687 1569 2720 haec
1578 2684 1618 2718 de
1628 2682 1794 2726 amanti-2

105 2747 143 2772 ca
153 2735 260 2772 insula
274 2761 282 2774 ‚
300 2739 526 2784 &irruptione
538 2740 775 2774 Mediterranei
786 2735 938 2772 fabulosa
948 2738 1037 2772 sunt.

204 2785 374 2821 Caeterum
385 2787 475 2821 causa
485 2812 496 2829 ,
521 2800 579 2824 cur
588 2801 677 2824 mare
688 2788 871 2835 aliquando
883 2787 1012 2822 recedat
1021 2809 1032 2826 ‚
1055 2790 1089 2823 &
1101 2799 1207 2823 novos
1217 2798 1310 2823 terrae
1321 2787 1445 2820 tractus
1456 2794 1587 2830 apertos
1605 2782 1774 2830 relinquat
1781 2805 1794 2823 ,

107 2834 291 2884 aliquando
304 2836 537 2876 veroacccdat,
555 2842 589 2873 &
604 2839 735 2874 alveum
749 2837 842 2873 suum
851 2836 1008 2871 extendat
1020 2860 1031 2875 ,
1060 2837 1144 2872 maie
1165 2838 1253 2873 aestui
1274 2840 1436 2870 duntaxat
1456 2836 1555 2867 maris
1573 2832 1797 2873 adscribitur,-

107 2886 227 2921 accidit
243 2887 334 2920 enim
349 2898 388 2920 ex
398 2897 437 2920 eo
446 2908 457 2923 ‚
472 2886 562 2933 quod
575 2899 667 2923 tetrae
676 2889 800 2923 tractus
810 2886 991 2933 aliquando
1000 2885 1134 2922 altiores
1142 2887 1323 2934 aflurgant,
1335 2896 1406 2918 rum
1416 2886 1492 2930 quia
1501 2882 1518 2917 ὲ
1527 2880 1686 2923 supremis
1695 2894 1800 2917 mon-

111 2934 202 2971 tibus
213 2933 359 2970 multum
370 2936 513 2970 materiae
527 2937 562 2971 in
571 2936 730 2986 subjechs
740 2937 841 2973 valles
857 2934 974 2970 senfim
985 2935 1154 2974 descendit
1165 2960 1176 2976 ‚
1201 2949 1273 2970 tum
1284 2936 1360 2980 quia
1369 2932 1386 2967 ὲ
1396 2930 1590 2967 fluminibus
1602 2930 1746 2966 multum
1754 2931 1800 2965 li·

112 2986 160 3019 mi
172 2985 348 3020 advehitur
364 3009 373 3024 ,
390 2987 483 3027 cujus
493 2986 667 3022 acceffione
676 2998 761 3023 terra
772 2986 859 3021 haud
868 2983 967 3020 dubie
978 2984 1129 3021 accrescit
1140 2995 1152 3030 ς
1178 2996 1251 3019 tum
1266 2985 1344 3030 quia
1359 2984 1476 3029 ingens
1494 2993 1598 3016 arenae
1610 2980 1762 3016 cumulus
1780 2979 1800 3014 εὶ

112 3034 312 3080 mariejectae
323 3036 536 3083 congeritur,
553 3039 753 3076 rumenam,
772 3039 853 3085 quia
872 3033 942 3069 fieti
952 3035 1074 3082 potest,
1098 3047 1136 3071 ut
1147 3046 1239 3069 terrae
1251 3043 1364 3067 motus
1383 3034 1417 3066 vi
1428 3033 1549 3079 integri
1569 3042 1662 3066 terrae
1674 3030 1799 3065 trastus

109 3081 320 3122 attollantur.
346 3083 457 3133 sicllue
466 3095 552 3132 aqua
561 3085 749 3131 repellatur.
799 3082 944 3120 Viciffim
955 3108 967 3126 ,
985 3087 1064 3133 quia
1080 3096 1170 3119 terrae
1181 3093 1276 3117 motu
1288 3081 1471 3129 aliquando
1480 3078 1616 3116 dehiscit
1625 3088 1799 3118 terra‚ma-

112 3145 151 3170 re
169 3135 205 3168 in
226 3131 411 3181 subJeekum
425 3133 678 3184 depressumque
693 3136 786 3173 littus
798 3135 968 3178 excurrit,
999 3138 1036 3171 ὅσ
1055 3133 1167 3217 ίῑηιιτῧ
1186 3129 1329 3181 explicat
1343 3154 1356 3171 2
1380 3129 1562 3179 aliquando
1577 3132 1683 3179 prima
1703 3138 1799 3209 repa}-

1194 3192 1217 3220 2
1724 3187 1769 3223 gu
1784 3185 1802 3208 a
