2060 3444
623 174 984 255 Philosophico
997 221 1014 227 -
1027 185 1251 240 Polit1'cai.
1685 202 1790 257 109

120 274 252 313 gentem
267 264 382 299 flatum
394 288 403 304 ‚
415 268 523 300 'vento
531 263 629 313 quam
640 263 866 305 similimum:
892 270 938 303 ita
950 271 1305 318 pariterjudicarelicet
1324 270 1342 305 ὲ
1354 270 1491 320 parvulo
1501 294 1511 311 ,
1533 270 1788 321 breviffimoque

118 314 305 361 spectaculo
318 316 356 348 de
367 318 495 363 magnis
503 317 577 349 coeli
587 315 828 363 ventorumque
836 317 1042 368 rationibu53
1067 333 1143 355 nam
1159 332 1196 355 ut
1212 332 1297 366 aqua
1317 321 1475 356 rarefacta
1495 324 1529 356 in
1540 334 1618 356 aerea
1631 321 1687 356 illa
1700 326 1788 368 pila-0

119 376 177 412 per
186 363 351 411 angustias
367 363 538 398 foraminis
550 363 580 398 se
589 363 748 410 exspirat,
774 364 816 399 fic
829 369 904 405 aer,
924 378 1031 415 ¹aqua,
1057 369 1223 404 exhalatio
1233 367 1337 404 subita
1348 370 1565 406 rarefaelione
1585 370 1789 406 diffluuntin

119 424 254 448 ventum
273 437 283 451 ,
311 416 462 459 quamvis
482 435 492 451 ‚
517 423 553 446 ut
574 411 670 459 supra
690 417 808 449 monui
830 439 840 454 ‚
861 415 1036 452 rarefaffio
1057 419 1123 453 haec
1147 418 1239 454 causa
1258 419 1425 466 adaequata
1450 431 1626 455 ventorum
1643 432 1711 454 non
1736 419 1788 458 fit,

116 461 281 497 Caererum
304 462 441 496 similem
462 460 600 509 globum
616 463 799 499 ⁴*Kircherus
814 462 897 499 foco
913 465 1105 514 adaptavit,
1131 470 1191 515 qui
1206 465 1269 505 sex¹
1286 471 1433 503 carnium
1452 468 1552 504 libras
1571 472 1606 504 in
1631 481 1708 504 veru
1718 471 1790 516 igni

113 515 263 548 admotas
273 512 432 548 vertendo
444 509 568 547 affavit.
864 533 866 535 >

215 575 361 621 Colliges
372 597 383 615 ,
407 576 513 607 ierem
523 574 838 624 etiatnvquandoque
847 578 1048 611 commoveri
1062 575 1151 622 posse
1164 577 1180 612 ὲ
1191 578 1312 617 fluvio,
1338 577 1390 614 vel
1401 579 1460 614 alia
1481 592 1564 628 aqua
1576 581 1766 616 decurrente
1776 603 1788 621 ,

116 636 191 659 curn
206 635 341 671 quauna
353 624 511 669 rapiatur.
561 623 656 663 Patjet
666 624 728 658 hoc
741 623 828 660 bellz'i
838 624 1040 673 experientia}
1050 625 1246 667 fornacum,
1283 629 1319 662 in
1336 627 1458 675 quibus
1476 629 1600 677 absque
1616 629 1751 665 follibus
1777 654 1789 672 ‚

114 677 284 720 ingentem
296 683 430 706 ventum
445 673 515 719 igni
530 671 706 706 excitando
716 675 898 709 mechanici
907 677 1072 709 concitare
1082 675 1187 710 solent
1199 678 1264 711 hoc
1275 679 1393 715 modo:
1424 689 1543 724 aquam
1562 691 1601 712 ex
1611 680 1724 714 altiori
1736 679 1789 714 lo-

113 735 154 758 co
166 736 243 758 cum
258 725 384 767 impetu
394 733 545 756 ruentem
557 721 670 770 ligneo
680 734 788 758 meatu
802 724 853 758 vel
865 722 1020 758 canaliita
1032 726 1202 770 excipiunt
1211 749 1221 764 ‚
1247 737 1284 760 ut
1291 725 1401 774 aliqua
1414 736 1523 760 tamen
1533 728 1652 762 canalis
1665 741 1736 775 pars
1746 728 1787 762 ab

111 785 199 820 aqua
213 780 509 818 vacuaremanear3
535 782 645 805 tumos
659 771 779 806 canalis
798 775 832 807 in
846 785 902 808 vas
915 771 1002 807 infra
1018 774 1186 819 pertusum
1200 775 1371 814 derivant„
1396 775 1577 822 curamque
1595 801 1605 816 ,
1624 789 1660 810 ut
1677 790 1787 825 aqua-2

111 823 325 867 cumimpetu
339 822 373 853 in
392 818 474 854 illud
490 822 628 857 decidat.
675 821 974 869 Contingitenim‚
1008 813 1124 860 urget,
1151 823 1511 872 quiaquaeincumbit,
1539 838 1602 858 una
1615 838 1687 860 cum
1701 839 1784 874 aqua

110 874 146 906 in
166 883 220 906 vas
229 868 370 913 defluat,
391 872 425 903 δε
438 871 515 915 quia
535 869 657 904 canalis
672 882 711 903 ex
723 869 880 917 superiori
894 870 1151 918 partelatiorest
1164 895 1174 910 ,
1198 876 1232 907 &
1249 873 1332 908 alius
1352 872 1447 920 super
1463 873 1565 908 alium
1589 887 1661 908 cum
1675 887 1785 921 aqua...

109 923 255 955 irruente
267 920 352 956 ruit,
381 922 614 965 comprirnitur
626 918 781 954 illeintus
796 923 829 954 in
840 921 928 959 vale,
955 923 989 955 δε
1006 932 1062 967 per
1082 919 1200 954 tubum
1219 919 1323 956 furno
1336 923 1519 958 immissum
1535 915 1784 969 propellitur-*in

111 972 222 1016 ignem
237 992 247 1008 ‚
272 967 414 1015 eumque
425 967 534 1002 multe>
543 969 696 1015 equidem
707 969 932 1004 vehementius
941 993 951 1009 ,
975 971 1072 1017 quam
1086 968 1108 1002 fi
1119 969 1136 1003 ἒι
1145 968 1227 1004 folle
1237 974 1476 1017 exprimeretur
1488 996 1497 1011 ‚
1506 974 1661 1011 concitat.
1688 977 1784 1020 Aqua

112 1022 189 1055 vero
207 1030 245 1051 ex
256 1016 364 1050 fundo
374 1017 454 1051 valis
463 1022 596 1064 pertulo
608 1016 716 1052 effluit
727 1041 738 1056 ,
765 1030 800 1052 ut
815 1018 910 1054 alteri
924 1021 1061 1053 irruenti
1072 1017 1183 1052 locum
1196 1019 1377 1067 relinquat.

205 1082 342 1125 Qaeres
354 1081 462 1115 adhuc
475 1080 604 1127 primo:
630 1082 703 1116 Cur
716 1092 851 1119 ventus,
865 1079 944 1116 <sim
967 1080 984 1115 ὲ
1000 1081 1163 1128 principio
1174 1093 1346 1117 moveatur
1358 1085 1393 1117 in
1407 1082 1500 1129 plura
1518 1083 1619 1118 latera
1631 1107 1641 1124 ‚
1665 1084 1784 1118 deinde

107 1130 382 1164 retineatmotum
396 1134 430 1164 in
440 1132 571 1164 unicam
587 1141 728 1176 partem.
775 1130 997 1177 Respondent
1014 1132 1193 1165 Rationem
1203 1131 1404 1179 quandoque
1415 1133 1476 1166 effe
1489 1157 1500 1171 ,
1525 1136 1602 1180 quia
1620 1133 1786 1167 exhalatio

107 1190 183 1225 apta
193 1180 232 1212 ad
241 1181 507 1214 continuandum
518 1191 655 1213 ventum
664 1203 676 1219 ‚
701 1184 909 1226 protenditur
918 1178 1023 1213 (olum
1033 1180 1213 1214 secundum
1234 1193 1332 1215 unam
1344 1192 1468 1227 partem
1479 1195 1542 1229 e.g.
1553 1184 1592 1215 ad
1602 1183 1784 1220 dexteram.

105 1229 258 1262 Secundo
272 1228 342 1263 fieri
357 1229 420 1262 hoc
433 1228 558 1275 potest,
579 1231 657 1274 quia
672 1241 712 1262 ex
726 1241 790 1262 una
805 1241 894 1274 parte
904 1227 1070 1263 exhalatio
1082 1228 1264 1263 reflectitur
1275 1253 1286 1268 ,
1308 1233 1343 1265 &
1362 1230 1533 1275 repellitur
1551 1231 1663 1279 aliquo
1677 1233 1785 1277 impe--

105 1278 258 1312 dimetito
269 1303 277 1318 ,
298 1292 326 1312 e.
340 1291 374 1323 g.
393 1276 414 1310 fi
427 1290 562 1324 cogatur
571 1277 738 1312 exhalatio
751 1278 789 1312 ad
801 1278 900 1312 latera
910 1279 1038 1312 montis
1049 1301 1060 1316 ,
1081 1280 1115 1312 &
1126 1290 1256 1312 motum
1268 1281 1454 1326 concipiat,
1471 1284 1578 1313 monti
1590 1279 1722 1326 appulsa
1735 1293 1783 1315 re-

106 1326 243 1374 pellitur
256 1351 265 1365 ,
292 1338 391 1373 arque
401 1328 483 1361 adeo
496 1339 565 1362 non
575 1330 751 1361 continuat
760 1338 887 1362 motum
900 1326 1008 1361 versus
1018 1326 1120 1361 latera
1136 1330 1260 1362 montis
1271 1351 1281 1365 ,
1308 1329 1489 1375 aliquando
1499 1332 1597 1363 etiam
1611 1331 1783 1364 utdietum

105 1376 150 1410 est
160 1399 171 1414 ,
194 1376 389 1423 repellitura
402 1376 506 1414 nube.
558 1377 591 1410 Si
600 1376 678 1411 vero
687 1378 859 1424 contingat
869 1375 1112 1410 exhalationem
1122 1377 1289 1424 aequaliter
1298 1380 1440 1424 expandi
1451 1380 1484 1411 in
1498 1380 1610 1412 omnia
1618 1379 1730 1416 latera,
1746 1381 1783 1413 &

103 1427 646 1474 noninvenireimpedimentum‚
671 1425 880 1460 continuabit
897 1437 1026 1459 motum
1047 1427 1082 1459 in
1097 1425 1205 1472 plures
1223 1437 1348 1472 partes,
1376 1431 1410 1461 &
1430 1426 1512 1461 ficut
1531 1427 1571 1460 ab
1583 1439 1649 1461 uno
1662 1426 1783 1468 ἴσως,

105 1475 239 1521 possunr
248 1477 327 1509 oriri
341 1474 449 1521 plures
460 1475 576 1513 fluvii,
597 1474 640 1510 fic
648 1474 689 1509 ab
701 1472 875 1510 unofonte
887 1474 1107 1510 exhalationis
1117 1478 1266 1510 orientur
1279 1474 1387 1521 plures
1397 1477 1512 1522 veniit,
1550 1487 1648 1523 atque
1662 1487 1698 1509 ur
1710 1488 1785 1522 per-

103 1523 253 1558 fistamus
271 1527 307 1559 in
321 1525 437 1559 eodem
454 1523 629 1571 exemplo,
649 1523 731 1559 ficut
747 1523 852 1571 potest
869 1536 955 1573 aqua
970 1536 1011 1558 ex
1033 1525 1150 1558 eodem
1171 1523 1265 1558 sonte
1275 1526 1415 1558 derivari
1430 1525 1466 1558 in
1479 1525 1586 1570 plures
1596 1535 1720 1571 partes,
1746 1527 1783 1558 in

102 1585 244 1619 quarum
254 1573 354 1608 altera
363 1574 498 1612 arescat,
509 1574 550 1609 eo
559 1574 653 1621 quod
671 1586 739 1609 non
751 1574 904 1608 accedant
914 1573 985 1607 aliae
997 1585 1100 1620 aquae,
1119 1575 1155 1607 in
1167 1573 1268 1608 altera
1278 1573 1357 1608 νει-ὸ
1365 1572 1594 1608 accedentibus
1606 1573 1676 1607 aliis
1689 1576 1785 1621 aquis

90 1623 217 1670 *evadat
227 1625 260 1657 in
272 1635 433 1670 magnum
443 1623 570 1658 flumen
585 1646 596 1663 ‚
623 1622 665 1658 fic
675 1622 781 1670 potest
790 1623 980 1658 acciderein
991 1621 1214 1658 exhalatione.

74 1678 78 1680 ⁵
201 1688 338 1729 Qiaetes
364 1684 510 1720 secundo
526 1709 538 1724 ,
567 1697 637 1731 quo
654 1686 753 1732 paeto
765 1695 883 1720 ventus
895 1682 1020 1723 cesset?
1044 1683 1245 1730 Respondeo
1266 1697 1275 1718 z
1303 1682 1434 1718 Ceffare
1448 1681 1536 1730 posse
1550 1686 1658 1732 primo
1667 1697 1706 1719 ex
1716 1696 1755 1718 eo
1767 1710 1781 1729 ,

100 1735 193 1783 quod
202 1736 369 1772 exhalatio
382 1733 567 1770 madefacta
576 1735 593 1769 a
605 1735 715 1781 pluvia
726 1734 1085 1781 amittataptirudinem
1096 1734 1135 1767 ad
1146 1742 1292 1776 motum;
1324 1730 1482 1778 secundo,
1496 1747 1534 1768 ex
1545 1747 1602 1772 co,
1620 1736 1710 1782 quod
1722 1746 1779 1770 ex-

99 1786 224 1822 halatio
232 1786 422 1833 dissipetur‚
439 1784 571 1833 spiritus
580 1787 670 1819 enirn
681 1786 715 1819 in
728 1795 842 1822 motu,
867 1785 947 1818 dum
960 1795 1075 1818 eorum
1089 1794 1162 1830 pars
1174 1781 1361 1817 adhaerescit
1379 1794 1469 1817 terrae
1483 1807 1493 1823 ,
1510 1787 1544 1817 ὃ(
1565 1783 1636 1819 aliis
1647 1785 1744 1822 rebus
1764 1814 1779 1837 9

97 1839 134 1871 in
143 1849 226 1884 quas
238 1838 430 1886 impingunt
441 1857 452 1874 ‚
476 1833 633 1883 paulatim
642 1834 893 1881 disperduntur,
911 1836 946 1868 δε
955 1832 1149 1879 diffipantur
1157 1855 1168 1872 ‚
1183 1843 1281 1879 atque
1290 1832 1373 1866 adeo
1384 1831 1479 1867 cessat
1487 1843 1616 1871 ventus.

286 1978 946 2058 CONCLUSIO
1014 1975 1576 2051 POL1T1CA.

502 2112 677 2179 Malo
692 2111 1027 2203 praeveniat,
1063 2132 1137 2173 ne
1153 2110 1349 2200 {erpan

159 2255 173 2286 1
186 2252 323 2301 speciosa
331 2253 386 2290 illa
400 2256 509 2304 Trojae
517 2256 573 2292 fax
582 2269 618 2292 ac
628 2256 740 2292 nobile
751 2256 894 2292 (cottum
905 2255 1034 2292 Helena
1042 2277 1052 2294 ‚
1077 2251 1272 2301 praetnature
1283 2252 1427 2289 extinth
1437 2250 1548 2287 fuisset
1558 2274 1569 2292 ‚
1593 2260 1770 2298 nunquam

160 2302 239 2338 illud
253 2304 329 2339 Afiae
347 2307 637 2354 propugnaculum
650 2308 829 2355 Pergamus
841 2331 851 2345 ,
876 2319 937 2354 pro
956 2309 1049 2352 culus
1064 2304 1167 2337 muris
1184 2303 1223 2336 ad
1234 2302 1350 2336 invia-i
1371 2303 1581 2337 monumenti
1598 2300 1769 2346 exemplar

159 2352 381 2388 construendis
392 2356 593 2401 Neptuni&
609 2356 775 2403 Apollinis
789 2368 906 2390 manus
915 2352 1185 2391 collaborarunt,
1211 2362 1278 2386 tam
1298 2349 1418 2387 illustri
1432 2353 1472 2386 ad
1484 2354 1627 2386 immane
1640 2349 1772 2384 bustum

94 2399 190 2433 ruina
209 2399 316 2437 fuisset
332 2404 372 2436 ad
386 2405 498 2450 ignem
508 2407 670 2445 extincta.
680 2404 875 2452 cuiinsuper
893 2401 1101 2451 parifunesta
1111 2401 1183 2436 luce
1196 2411 1246 2435 rot
1259 2400 1443 2436 taediorum
1453 2413 1488 2436 ac
1502 2403 1649 2436 Heroum
1660 2397 1774 2432 funera

93 2447 318 2494 parentarunt.
354 2454 452 2488 Unde
460 2454 554 2490 caute
564 2478 576 2495 ,
600 2467 636 2489 ac
644 2459 754 2503 primo
765 2457 799 2489 in
809 2454 924 2489 limine
932 2451 1106 2488 scintillam
1116 2449 1492 2488 suffocandamOvidius
1503 2450 1698 2498 praemonuit
1710 2458 1721 2489 ;

271 2543 469 2600 Ρνὶηεὶρὶὲ·
486 2543 601 2598 obsta,
618 2545 703 2603 firb
723 2533 904 2587 medicina
919 2554 1075 2599 paratur
1090 2573 1102 2592 ,

342 2614 430 2657 Chm
446 2619 543 2659 mala
553 2631 622 2676 per
637 2620 762 2677 longas
785 2617 980 2660 invaluere
996 2616 1128 2659 moras}

90 2714 274 2751 Flammula
284 2712 351 2758 est,
373 2727 447 2762 quae
460 2713 519 2753 (ὦ
527 2717 692 2754 cineribus
705 2716 858 2757 sepelitur
872 2741 882 2756 ,
906 2728 939 2752 at
952 2726 1054 2754 vento
1067 2716 1169 2752 flante
1188 2715 1360 2766 suis‘quafi
1376 2716 1394 2751 ὲ
1407 2712 1580 2751 funeribus
1596 2723 1631 2748 ac
1643 2714 1765 2749 cineri-⁴

88 2764 150 2800 bus
160 2764 359 2801 renascitur,
385 2776 484 2812 atque
502 2780 542 2802 ex
558 2771 711 2817 Bygmaeo
733 2771 818 2816 ignis
833 2769 933 2813 Gigas
957 2766 1102 2801 incendii
1118 2768 1292 2807 excrelcit,
1328 2777 1366 2801 ut
1390 2761 1563 2800 vastiffima
1589 2765 1765 2800 aeternitati.

89 2817 275 2849 conlecrata
285 2811 418 2847 aedificia
428 2813 604 2852 foediffimfi
619 2818 765 2852 vastitate
776 2815 848 2850 solo
858 2828 980 2864 aequata
991 2814 1038 2850 nil
1052 2815 1110 2850 nifi
1123 2813 1254 2851 fumum
1276 2816 1479 2864 parturiant,
1516 2823 1551 2845 ac
1573 2823 1635 2858 Pro
1651 2812 1764 2860 glotlae

88 2873 308 2899 monumento
321 2863 463 2898 cinerem
473 2866 670 2902 reservantes
682 2866 738 2902 fibi
752 2866 826 2912 ipfis
839 2865 970 2901 fumoso
980 2866 1150 2912 epitaphio
1161 2866 1357 2901 uelamen&
1383 2864 1482 2895 Parva
1491 2859 1549 2894 sssb
1558 2863 1667 2897 emese
1679 2860 1766 2896 stin·

89 2910 157 2946 tilla
169 2926 230 2948 nos
242 2915 277 2947 in
290 2913 414 2946 cineres
426 2914 562 2962 redegit.
611 2919 686 2951 Hoc
707 2916 866 2961 sapienter
886 2913 1063 2963 agnoscens
1078 2914 1357 2962 Philosophorum
1373 2912 1526 2956 Princeps
1545 2909 1584 2943 ad
1605 2908 1766 2952 sapientes

88 2959 230 3008 scripsit.
253 2962 401 3007 Sapientis
414 2963 615 3001 eflmatorum
627 2967 721 3001 initiis
731 2977 898 2999 accurrere.
947 2965 1055 2999 Prima
1070 2963 1148 2998 belli
1159 2965 1290 2999 flamma
1304 2963 1360 2995 suo
1372 2962 1406 2994 in
1418 2959 1514 2994 fonte
1527 2961 1743 3008 extinguatur
1755 2984 1766 3001 ο
1778 2977 1886 3023 εΑνίβ
1903 2975 1917 3012 1
1927 2987 1954 3025 4

86 3010 212 3045 occulta
221 3012 362 3046 {edition
371 3023 426 3044 um
437 3011 558 3048 semina
568 3018 602 3050 in
611 3018 717 3062 capite
727 3014 803 3049 sunt
814 3013 965 3048 elidenda
977 3036 988 3052 ,
1013 3016 1046 3048 ὁ(
1064 3025 1243 3060 antequam
1259 3014 1294 3045 in
1305 3008 1384 3044 belli
1401 3010 1589 3044 Draconem
1604 3012 1730 3045 inimici
1755 3033 1766 3049 ‚
1777 3003 1953 3074 ‹Poll-1224·

86 3069 123 3091 ac
132 3061 276 3096 intestini
291 3059 456 3106 serpentes
465 3062 647 3100 adolescant
660 3088 670 3104 ‚
699 3063 823 3099 suntab
836 3075 917 3101 ovo,
945 3064 1082 3097 inurero
1095 3060 1349 3108 comprimendi.
1398 3059 1469 3102 Iam
1482 3060 1517 3092 in
1532 3061 1624 3094 cunis
1635 3061 1768 3094 Hercu·
1904 3057 1910 3064 ⁵

86 3105 133 3142 ¹⁶⁵
142 3107 263 3155 sapuit,
288 3111 367 3157 quia
382 3122 423 3144 ne
433 3111 652 3149 excrescerent
667 3141 680 3159 ³
706 3113 803 3150 celeri
821 3123 922 3148 manu
930 3123 1054 3159 angues
1063 3110 1160 3148 elisit,
1208 3113 1309 3145 Omne
1333 3108 1452 3144 malum
1471 3109 1593 3154 nasiens
1604 3108 1705 3164 facil&
1721 3119 1767 3151 op-

1086 3161 1120 3195 0
1150 3172 1165 3205 3
1654 3159 1767 3205 primi-⁴

1779 3090 1888 3123 Cicero
1897 3091 1952 3124 in,

1779 3137 1892 3187 Philip
