2060 3444
101 247 261 290 Plutarch,

103 296 142 330 de
159 297 252 337 άοῐέν,

98 348 233 395 Princip,

122 1706 277 1757 Lamprid'.

125 1809 226 1849 Idem.

287 155 388 212 180
911 144 1285 215 Meteorologia

286 244 322 265 ac
329 233 456 277 salutem
466 230 673 270 hominum‚ut
682 226 766 267 bona,
776 240 837 275 qnae
852 231 932 263 Deus
947 231 1001 263 illis
1013 231 1155 277 largitur,
1161 233 1275 276 partim
1285 228 1475 274 distribuant.
1489 230 1604 276 partim
1607 230 1737 271 [ἔννεπε.
1775 229 1802 262 A
1820 223 1957 259 subditis

288 283 379 316 velut
388 280 624 315 ovibuslanam
636 276 772 317 habent.
787 277 851 325 qua
861 278 889 311 se
903 290 1036 325 tegant3
1067 279 1199 314 viciffim
1218 279 1292 312 illos
1305 293 1489 327 prottgmt,
1525 282 1574 312 Sic
1595 278 1635 311 ab
1655 278 1773 312 illislac
1785 277 1959 310 hauriant»

287 342 403 365 utnon
414 330 630 375 exhauriant3
657 326 771 361 verum
782 327 1027 362 manuel-aetem
1038 333 1071 362 ὃς
1083 331 1243 362 nutriant.
1286 331 1489 363 Crediderim
1517 330 1606 362 cordi
1630 328 1773 359 humano
1790 337 1862 358 eum
1873 322 1957 357 ben&

286 381 482 426 comparari,
494 379 553 423 qui
565 376 685 419 praeest.
715 379 759 410 Ut
770 379 855 410 enim
868 388 923 410 cor
935 381 1086 423 princeps
1099 376 1323 410 membrorum
1338 380 1381 412 est
1392 402 1400 416 ‚
1439 378 1478 412 fic
1497 381 1647 422 princeps
1668 388 1722 408 cor
1744 375 1787 408 est
1811 372 1959 407 subdito-

288 441 376 465 rum,
405 430 449 460 lta
461 425 538 459 veto
551 438 591 459 ex
607 425 763 459 membris
773 438 807 459 ac
821 428 913 459 venis
929 425 1093 472 sanguinis
1103 429 1188 459 rivos
1200 427 1344 462 attrahit.
1363 439 1396 461 ut
1415 427 1507 461 simul
1527 426 1604 459 fons
1618 424 1654 458 sit
1670 437 1704 457 ac
1721 435 1857 457 oceanus
1883 446 1892 460 ,
1918 431 1958 452 ex

289 490 360 524 quo
376 475 462 509 fideli
478 475 606 508 refluxu
621 478 653 508 in
666 487 764 509 venas
777 486 810 507 ac
825 473 970 507 membra
984 473 1189 509 refundatur.
1220 477 1406 510 Memor-atu
1421 480 1539 523 dignus
1548 475 1753 520 antiquitatis
1771 483 1841 504 mos
1853 473 1960 517 Reges

287 527 326 559 ad
340 525 447 558 fontes
458 527 492 557 &
502 523 635 558 arbores
649 524 841 560 coronandi.
869 524 951 556 Non
962 525 1049 557 enim
1063 523 1145 557 bene
1159 527 1252 569 regit.
1264 527 1396 570 quinon
1407 529 1568 559 continuo
1581 521 1817 556 beneficiorum
1833 521 1959 565 irriguo

289 573 379 608 velut
389 571 478 612 fons,
491 585 572 620 quas
581 585 620 606 ex
631 584 713 606 terra
726 570 843 609 hausit,
853 575 885 605 in
900 583 1019 606 terram
1031 585 1128 619 aqua<
1142 572 1307 611 refundit:
1335 587 1442 621 neque
1452 574 1542 608 utilis
1562 574 1607 606 est
1623 569 1826 616 Reipublicae
1841 570 1886 601 vit
1898 579 1959 604 ou-

288 621 406 659 blicus‚
416 625 560 670 quinon
571 621 741 655 arborisad
754 621 851 655 instat
866 621 895 654 se
909 634 949 655 ex
962 632 1050 655 terra:
1061 621 1153 655 luceo
1164 623 1354 667 nutrientis,
1366 624 1534 658 fructuum
1548 622 1702 656 alimenta
1717 618 1957 664 rependit.Non

286 672 386 709 dona,
397 673 448 704 led
459 672 576 705 mutuo
586 673 659 704 data
674 671 765 707 sunt,
784 682 854 715 quae
866 670 883 703 ὲ
895 668 1031 704 subditis
1042 669 1240 707 offeruntur,
1259 683 1295 704 ut
1307 671 1490 706 referantur
1501 673 1516 705 a
1528 674 1617 718 Rege
1630 683 1661 703 in
1676 668 1834 702 subditos·
1862 665 1959 698 Velut

288 722 433 754 vendens
447 724 480 754 δε
493 733 603 754 emens
616 719 644 754 se
656 719 790 755 habent,
808 716 1027 757 exsolvitiste,
1051 724 1137 764 quod
1154 720 1199 752 illi
1213 719 1389 755 solverunt.
1437 723 1579 754 Socrates
1592 725 1625 755 δε
1643 718 1828 752 Alcibiades
1853 714 1959 746 dando

293 772 327 803 ὅ(
339 770 506 803 reddendo
518 769 734 810 collulerun13
761 767 818 801 iste
828 769 920 814 quod
932 767 1090 804 mifit.ille
1104 781 1130 801 rt
1141 767 1243 813 misit3
1269 781 1305 803 ut
1315 774 1348 805 δέ
1360 773 1414 804 uni
1429 782 1550 804 nomen
1562 768 1698 803 benefici
1712 779 1778 800 non
1789 761 1919 799 deesset,
1929 765 1962 795 &

287 818 428 852 alterum
450 818 563 852 titulus
580 818 792 864 gratitudinis
811 829 957 853 ornaret.
995 816 1198 852 Correlativa
1217 818 1291 852 sunt
1306 822 1514 853 Dominus&
1526 817 1656 861 servus;
1675 816 1732 849 iste
1743 814 1856 861 pendit
1867 809 1961 845 obse·

288 870 405 913 quium
419 865 554 900 ferendo
565 868 740 903 tributum,
754 865 809 899 ille
827 867 1000 912 respiciens
1010 867 1173 900 tributum
1188 865 1290 901 refert
1301 866 1492 905 subsidium.
1532 866 1660 901 Subditi
1680 862 1826 898 scintillae
1839 860 1914 895 sunt
1927 863 1962 894 δε

287 917 401 949 iacuiae
412 916 602 962 colligendo
616 914 813 954 flammulas,
827 918 904 948 &in
917 917 1102 948 Dominum
1120 914 1332 951 conferendo.
1384 921 1484 952 Focus
1504 920 1538 951 &
1558 914 1636 949 fons
1647 915 1782 949 luminis
1793 913 1963 946 Dominus

286 965 332 998 est
348 965 495 999 flammas
509 970 541 999 ὃ(
557 962 663 998 lucem
677 967 710 997 ln
722 962 866 997 subditos
881 961 1098 998 refundendo.
1128 966 1321 999 Procurator
1333 970 1366 1000 &
1380 979 1468 1000 tutor
1482 965 1595 1010 populi
1609 965 1668 1012 est,
1682 965 1738 1009 qui
1749 960 1963 1009 Ptaeest’con‘

283 1016 408 1057 credita
420 1016 494 1047 sunt
506 1015 553 1047 illi
565 1013 771 1047 subditorum
787 1012 884 1050 bona,
901 1025 935 1046 ut
948 1014 996 1046 his
1013 1012 1209 1051 soeneretur.
1238 1016 1384 1060 lnipsum
1401 1015 1577 1048 confluunt
1588 1017 1700 1060 populi
1710 1010 1900 1045 facultates,
1926 1016 1961 1039 ³⁴2

286 1062 420 1098 velutin
432 1065 530 1097 maris
542 1062 647 1096 sinum
658 1062 901 1108 glomerantur,
918 1074 954 1095 ut
965 1060 1074 1096 divisis
1089 1062 1229 1097 alveisin
1246 1062 1379 1110 singulis
1390 1065 1557 1098 canalibus
1568 1063 1718 1097 refluant.
1748 1061 1827 1094 Non
1839 1069 1903 1091 tam
1916 1055 1965 1089 illi

286 1114 461 1160 proprium
471 1113 515 1146 est
526 1122 740 1156 congregare,
755 1111 856 1156 quam
868 1121 1014 1156 erogare:
1041 1112 1133 1157 Opes
1145 1115 1180 1145 in
1191 1124 1264 1146 eum
1275 1114 1394 1147 subditi
1407 1112 1599 1150 conferunt,
1612 1123 1647 1145 ut
1657 1122 1754 1157 opem
1765 1107 1859 1142 ferat.
1886 1108 1963 1140 Hu-

283 1166 335 1209 jus
349 1164 497 1194 aerarium
509 1158 703 1206 vestigalest
719 1156 938 1194 subditorum.
963 1161 1066 1201 Quod
1083 1173 1212 1195 montes
1235 1160 1320 1200 sunt,
1331 1162 1393 1196 hoc
1411 1161 1497 1196 celsae
1512 1173 1638 1195 mentes
1653 1160 1798 1204 habent3
1825 1157 1917 1201 supra
1930 1166 1965 1187 a·

284 1211 348 1246 lios
358 1209 557 1247 exaltantur,
569 1221 602 1242 ut
613 1211 646 1242 in
661 1206 818 1250 subjectas
832 1207 930 1242 valles
944 1209 1130 1254 pluviarum
1141 1212 1273 1244 divitias
1284 1210 1502 1258 profundant.
1529 1212 1665 1245 secretis
1676 1204 1874 1244 cistisotiosa
1883 1203 1967 1237 deli-

286 1261 412 1295 tescunt
423 1259 561 1304 peculia,
572 1270 644 1304 quae
659 1255 848 1304 singillatim
859 1256 934 1291 sunt
944 1257 1060 1292 collata
1072 1258 1190 1293 suntin
1207 1262 1345 1295 Domini
1357 1263 1518 1295 aerarium.
1529 1273 1597 1294 non
1611 1264 1690 1293 utin
1703 1268 1809 1292 arcam
1820 1278 1831 1294 ‚
1852 1252 1904 1287 sed
1930 1263 1968 1287 ut

282 1312 318 1344 in
336 1306 529 1355 dispensam.
554 1309 732 1341 Nonenim
743 1306 788 1339 est
801 1308 986 1346 Dominus,
1007 1307 1059 1341 sed
1076 1309 1183 1343 custos
1196 1308 1375 1348 bonorum,
1391 1309 1577 1356 depositum
1590 1309 1633 1342 est
1645 1332 1653 1345 ‚
1673 1307 1764 1355 quod
1774 1305 1819 1339 est
1828 1304 1942 1337 datum
1956 1323 1967 1339 2

282 1370 352 1393 non
368 1360 545 1393 donatum.
567 1358 664 1389 Binos
676 1357 705 1389 ei
719 1355 959 1390 naturaoculos
972 1356 1074 1394 dedit,
1087 1370 1190 1392 unum
1208 1371 1276 1406 quo
1288 1357 1338 1402 se;
1363 1360 1521 1397 alterum,
1554 1371 1624 1404 quo
1637 1356 1787 1391 subditos
1800 1353 1964 1400 respiciat.

282 1409 422 1442 Promus
434 1406 483 1445 fit,
493 1418 562 1439 non
574 1405 717 1442 condus:
744 1417 810 1438 non
822 1407 910 1439 enim
920 1405 1073 1444 condere,
1084 1405 1136 1441 sed
1148 1407 1309 1442 collocare
1319 1407 1428 1445 debet,
1447 1420 1482 1442 ut
1495 1406 1649 1454 prompte
1660 1413 1917 1451 expromat.quae
1929 1400 1970 1434 fi-

281 1455 518 1491 deiilliussunt
532 1453 688 1500 depofita.
726 1454 888 1488 Sementis
905 1466 1002 1488 aurea
1022 1455 1086 1493 est,
1108 1469 1209 1502 quam
1228 1456 1275 1490 illi
1295 1456 1435 1504 populus
1454 1456 1680 1499 concredidit;
1708 1465 1775 1488 non
1787 1462 1823 1486 ut
1837 1461 1967 1484 mortua

281 1506 377 1539 domi
387 1504 503 1550 jaceat,
520 1505 575 1537 sed
587 1505 665 1538 utin
677 1502 881 1548 Reipublicae
892 1504 1022 1538 messem
1035 1503 1092 1539 suo
1102 1516 1253 1552 ternpore
1269 1509 1377 1551 jaciat.
1418 1509 1441 1540 E
1456 1508 1536 1540 mati
1548 1506 1616 1540 suas
1626 1504 1746 1538 fluvius
1755 1503 1873 1548 aczipit
1885 1500 1971 1534 divi-

282 1557 439 1598 tias‚n0n
452 1552 509 1587 fibi
526 1551 730 1591 servans.sed
742 1554 776 1586 in
787 1564 864 1586 arva
877 1551 1078 1591 refundens:
1102 1556 1198 1601 rigat,
1219 1566 1253 1590 ut
1264 1558 1379 1603 erigat.
1405 1557 1475 1588 Nec
1487 1553 1632 1589 scrotum
1645 1552 1798 1589 effundit,
1816 1561 1925 1596 neque
1940 1546 1970 1582 se

285 1602 465 1638 fibitotum
484 1600 612 1648 servat3
637 1600 718 1644 justa
731 1601 880 1635 mensura
900 1602 1024 1646 partito
1038 1607 1276 1641 communicat,
1326 1604 1394 1638 Sibi
1409 1603 1513 1638 finum
1525 1604 1678 1640 reservat,
1698 1600 1832 1635 brachia
1853 1599 1971 1633 exerit.

284 1652 401 1687 Cedro
411 1655 445 1686 ὃ(
458 1652 632 1684 adamante
646 1652 748 1696 digna
764 1648 944 1684 Alexandri
954 1653 1006 1687 M.
1017 1662 1104 1688 vox:
1127 1654 1230 1697 Nefas
1240 1655 1297 1692 25⁷2,
1313 1665 1346 1686 ut
1358 1652 1700 1700 Dispenfhtorpublicus
1715 1654 1747 1683 in
1764 1649 1967 1683 delmatiam

284 1705 365 1750 suas,
364 1702 532 1746 suorumve
544 1708 735 1733 converteret
742 1698 786 1733 id,
799 1699 880 1744 quod
892 1701 1091 1735 Provinciales
1103 1700 1255 1749 dedssmt.
1306 1704 1542 1736 oeconomum
1557 1714 1629 1750 age,
1639 1706 1673 1736 &
1683 1702 1845 1734 Tutorem
1866 1719 1876 1734 ‚
1904 1699 1969 1730 tuis

290 1750 365 1785 sunt
377 1750 436 1783 alis
445 1749 641 1786 concrediti,
650 1760 735 1793 quos
745 1746 803 1781 sub
814 1746 940 1795 sceptro
951 1761 1118 1786 numeras.
1154 1750 1272 1795 Qalis
1284 1757 1420 1785 severus
1440 1749 1506 1785 fuit
1524 1751 1688 1785 Caelarum
1708 1744 1946 1782 laudatiffimus
1960 1771 1971 1786 ‚

283 1799 412 1848 publicis
425 1796 524 1845 opibus
531 1795 605 1830 adei)
613 1797 705 1841 parc&
715 1798 794 1840 usus,
802 1808 837 1830 ut
848 1800 1009 1832 civitatem
1022 1799 1190 1833 Romanam
1202 1801 1282 1847 longe
1294 1800 1478 1845 dniffimam‚
1487 1799 1605 1848 rebusq'y
1616 1797 1748 1832 omnibus
1759 1797 1910 1841 refertam
1919 1807 1970 1827 re-

288 1851 426 1897 liquerit.
477 1849 523 1880 Ut
544 1846 583 1879 ad
607 1844 795 1879 Austriacos
813 1847 976 1884 accedam,
990 1847 1261 1883 Maximilianum
1274 1852 1300 1885 1.
1320 1850 1480 1883 Caefarem
1495 1849 1601 1896 babe3
1624 1849 1775 1883 Medium
1786 1845 1968 1879 tenendum

289 1899 390 1947 quam
403 1894 632 1943 sapientissime
642 1894 811 1938 judicavit.
821 1895 927 1929 dicere
937 1894 1075 1933 solitus:
1093 1899 1174 1931 ‘Tene
1183 1898 1413 1942 monstram&
1425 1899 1641 1945 respicefinem.
1683 1897 1732 1929 Sic
1742 1892 1873 1938 collige.
1886 1905 1921 1926 ut
1933 1897 1968 1927 δ(

290 1948 352 1983 tibi
363 1943 534 1981 neceffatia
549 1943 666 1983 serves,
679 1947 713 1978 ὃς
728 1944 762 1977 in
780 1943 862 1978 alios
872 1956 986 1992 eroges
999 1955 1010 1989 3
1029 1957 1086 1979 nec
1101 1959 1132 1982 te
1144 1950 1303 1982 miserum
1315 1946 1413 1981 facias
1426 1948 1627 1995 elargiendm
1638 1957 1696 1981 nec
1707 1944 1787 1980 alios
1798 1943 1971 1977 exhaurias

288 1996 496 2044 ‘⁰¹¹³g‘²'¹‘³⁰‘
748 2040 891 2126 Qu
904 2040 1299 2113 AsssTlo
1383 2041 1533 2113 vn.

490 2130 684 2203 Satisfit
697 2134 869 2185 variis
880 2130 1042 2184 adhuc
1054 2130 1258 2208 quaesitis
1272 2133 1404 2182 circa
1423 2133 1576 2202 astum
1587 2131 1760 2182 maris.

406 2204 516 2237 Uaeres
541 2216 570 2240 i.
595 2207 781 2244 Quomodo
791 2208 847 2238 nat
860 2204 1012 2239 hicaestus
1026 2201 1142 2239 maris?
1179 2202 1278 2247 Resp.
1304 2201 1466 2250 supposita
1477 2206 1610 2238 veritate
1620 2202 1852 2236 conclusionis
1869 2203 1972 2247 quin-

290 2208 446 2343 Qtae
476 2252 686 2298 praecedentis
700 2254 901 2294 Quaestionis
927 2251 1067 2287 nascitur
1083 2251 1231 2298 sequenti
1253 2253 1371 2289 modo:
1400 2254 1554 2287 Exoritur
1571 2254 1674 2291 Luna,
1696 2257 1728 2286 &
1743 2252 1799 2286 suo
1810 2260 1903 2284 motu
1918 2261 1974 2296 pet

411 2302 492 2334 hanc
509 2302 596 2335 suam
606 2300 801 2347 qualitatem
811 2301 985 2340 occultam,
996 2306 1027 2337 ὅ(
1040 2300 1129 2350 quasi
1144 2305 1361 2346 magneticam
1376 2304 1492 2347 incipit
1505 2313 1641 2336 movere
1652 2303 1780 2345 spiritus
1794 2302 1891 2334 maris
1904 2321 1914 2336 2
1940 2302 1975 2333 «Sc

290 2349 328 2384 hi
347 2348 455 2384 secum
476 2350 564 2384 suam
587 2362 704 2397 aquam
728 2355 861 2396 erigunt
875 2374 884 2390 ,
899 2354 944 2385 ita
955 2363 990 2385 ut
1002 2353 1177 2387 accedente
1197 2349 1289 2384 Luna
1302 2352 1339 2384 ad
1353 2350 1502 2385 nostrum
1518 2351 1756 2389 Meridianum,
1775 2348 1976 2383 accedatista

291 2411 411 2446 magna
426 2399 526 2438 unda,
537 2398 641 2445 eique
655 2402 687 2432 in
702 2396 862 2435 circulum
872 2401 1074 2441 extenditur,
1087 2398 1168 2434 sicut
1179 2401 1326 2445 projecto
1341 2398 1455 2445 lapillo
1469 2402 1504 2434 in
1516 2400 1626 2434 medio
1640 2399 1754 2447 stagno
1781 2422 1792 2437 ,
1827 2399 1975 2432 videmus

292 2450 415 2484 undam
433 2447 623 2482 circularem
636 2453 907 2497 generari,atque
918 2453 962 2484 ita
974 2451 1115 2485 dicimus
1127 2448 1194 2483 fieri
1206 2449 1361 2482 accessum
1377 2452 1474 2484 maris
1484 2450 1523 2482 ad
1537 2449 1629 2483 littus
1642 2463 1656 2489 ,-
1681 2449 1851 2483 recedente
1866 2457 1973 2479 autem

292 2498 386 2534 Luna
401 2498 516 2532 recidit
531 2500 628 2531 etiam
651 2498 706 2530 ista
718 2511 833 2546 magna
848 2500 945 2537 unda.
959 2503 992 2535 &
1008 2511 1087 2534 tunc
1098 2499 1237 2532 dicimus
1250 2498 1318 2532 fieri
1329 2501 1425 2532 maris
1440 2499 1610 2535 recessuin.
1656 2500 1743 2532 Patet
1757 2499 1832 2532 hoc,
1851 2497 1926 2542 quia
1941 2497 1973 2527 in

291 2550 388 2583 mari.
401 2547 449 2581 vel
461 2551 494 2580 in
509 2546 613 2581 fluvio
629 2548 778 2581 videmus
794 2550 875 2594 erigi
894 2550 1016 2582 undam
1037 2553 1071 2584 &
1090 2550 1227 2585 moveri,
1249 2560 1316 2581 non
1329 2547 1420 2594 quod
1431 2561 1516 2595 aqua
1533 2548 1626 2586 fluat,
1647 2549 1699 2581 led
1711 2547 1802 2594 quod
1815 2557 1885 2592 pars
1901 2544 1971 2588 post

293 2608 419 2645 partem
431 2595 618 2632 extollatur,
631 2598 801 2630 &iterum
813 2598 1030 2643 deprimatur,
1041 2597 1184 2645 dumque
1194 2595 1276 2630 elata
1287 2599 1432 2631 concidit
1444 2621 1454 2635 ‚
1476 2598 1538 2632 alia
1558 2596 1718 2644 paulatim
1729 2598 1844 2644 surgit,
1859 2594 1974 2629 unde..-

293 2646 386 2694 quod
402 2650 433 2679 in
448 2646 532 2679 unda
545 2644 691 2680 videmus
709 2645 789 2684 fieti.
802 2647 907 2679 hocin
922 2658 1043 2692 magno
1053 2647 1128 2681 aestu
1143 2646 1318 2680 concedere
1329 2646 1418 2684 licet.
1902 2644 1907 2657 ⁴

368 2701 370 2703 ’
390 2697 460 2729 Nec
479 2693 600 2741 obstat,
612 2696 699 2742 quod
714 2697 802 2728 Luna
815 2694 961 2729 fluviales
975 2696 1105 2743 spiritus
1119 2708 1184 2729 non
1199 2695 1289 2742 :eque
1297 2706 1429 2730 moveat
1442 2697 1642 2742 &concitet,
1652 2698 1741 2730 Luna
1749 2694 1837 2737 enim
1849 2703 1916 2735 ηοξ)
1929 2693 1970 2723 ῐῐῦ

293 2744 393 2778 habet
406 2743 632 2790 Sympathiam
643 2756 715 2777 cum
726 2744 797 2778 aliis
809 2747 915 2790 aquis,
926 2743 1003 2779 ficut
1015 2746 1113 2779 habet
1125 2757 1200 2779 cum
1213 2757 1296 2790 aqua
1311 2747 1446 2781 marina.
1471 2746 1510 2779 Et
1523 2745 1601 2779 vero
1614 2742 1892 2791 quemadmodum
1905 2752 1968 2773 mar

293 2807 372 2841 gnes
384 2806 451 2828 non
466 2792 609 2838 impellit
620 2804 685 2825 rem
697 2793 893 2838 quamlibet,
905 2794 955 2827 sed
966 2792 1092 2829 ferrum
1104 2795 1274 2831 duntaxat,
1292 2806 1348 2828 ant
1361 2805 1546 2842 magnetem
1557 2794 1676 2841 alium,
1688 2797 1731 2827 ita
1743 2803 1800 2826 nec
1812 2802 1902 2836 aqua:
1914 2789 1971 2823 flu-

294 2844 432 2877 viatiles,
447 2847 480 2878 &
492 2840 648 2887 palustres
660 2842 760 2888 vulgo
774 2853 903 2875 motum
915 2842 932 2876 ὲ
944 2844 1033 2877 Luna
1043 2846 1221 2890 recipiunt,
1231 2842 1361 2877 defeau
1375 2842 1599 2889 dispositionis
1608 2844 1743 2877 idoneae,
1754 2842 1832 2874 Non
1842 2841 1972 2873 enimin

295 2890 444 2928 lacubus,
454 2889 630 2935 paludibus
639 2894 673 2925 ὃς
683 2890 877 2925 fluminibus
889 2903 988 2937 prout
997 2895 1033 2927 in
1044 2896 1126 2926 mati
1135 2915 1144 2930 ‚
1155 2892 1299 2926 existunt
1313 2894 1446 2938 spiritus
1459 2892 1626 2939 sulphurei
1650 2896 1683 2926 δε
1694 2889 1886 2924 subnitrales
1899 2899 1970 2923 cum

296 2938 446 2975 crailinc,
456 2942 597 2973 mixtura
608 2952 642 2973 ac
654 2951 916 2985 temperamento
925 2943 1174 2975 accommodato
1187 2941 1377 2975 alterationi
1392 2954 1447 2987 per
1459 2941 1647 2976 influentias
1655 2943 1765 2975 Lunae.

396 2989 531 3028 Qua-res
545 2988 698 3024 secundo.
726 2989 909 3033 Quomodo
929 2997 1019 3024 Luna
1041 2990 1136 3037 poffit
1151 2992 1184 3024 in
1198 2991 1309 3025 nostro
1321 2991 1552 3037 hemisphaerio
1570 2988 1695 3025 causare
1705 2989 1847 3022 marinos
1859 2987 1968 3023 aestus,

295 3037 432 3084 quando
444 3036 488 3069 est
502 3039 534 3069 in
545 3037 721 3072 horizonte
739 3041 773 3072 in
786 3038 968 3073 meridiano
977 3037 1143 3086 opposito,
1174 3039 1457 3087 Respondeo,jam
1468 3043 1502 3075 in
1516 3039 1716 3087 praecedente
1725 3037 1916 3081 Quaestione
1930 3047 1968 3068 o-

297 3085 439 3121 stensum
451 3082 525 3122 esse,
537 3086 663 3119 Lunam
677 3086 732 3120 sua
744 3091 867 3122 virtute
879 3087 1062 3135 magnetica
1072 3087 1168 3122 facilc·
1178 3100 1271 3123 terrae
1286 3087 1423 3134 globum
1440 3100 1609 3135 penetrare
1623 3099 1656 3120 ac
1666 3099 1842 3132 permeare.
1871 3083 1972 3126 Quod

297 3134 488 3171 confirmati
499 3133 606 3171 adhuc
615 3136 723 3182 potest
733 3135 862 3185 aliquot
877 3138 1065 3185 instanti153
1103 3137 1224 3185 primo,
1242 3137 1524 3185 quemadmodum
1532 3147 1667 3184 magnes
1677 3137 1872 3184 qualitatem
1886 3133 1973 3168 suam

1871 3194 1969 3219 attra-
