2003 3434
242 167 266 196 2
269 163 345 214 94
849 191 853 194 ,
913 142 1255 206 Meteorologica

566 234 1103 334 QUAESTIO
1165 231 1592 330 ULTIMA:

795 351 883 411 De
909 354 1038 412 AE're
1055 396 1073 420 ,
1119 346 1181 411 θ’
1197 344 1363 415 Ρεννο,

243 498 381 652 C
390 489 549 527 Onclusio
559 491 673 537 prima⁵
729 491 779 526 AEs
790 488 833 524 est
843 487 1009 523 metallum
1019 490 1186 535 impurum
1199 497 1238 519 ex
1251 482 1395 527 plurimo
1405 483 1569 529 Sulphure
1578 483 1727 533 tubeq&
1736 485 1833 521 crasso
1842 511 1854 526 ‚
1880 490 1916 522 δε

406 553 511 589 pauco
520 550 655 587 argento
665 541 740 575 vivo
758 540 937 585 impuriore
952 539 1113 586 genitum.
1141 534 1247 569 Multi
1257 533 1377 568 constat
1387 534 1486 573 tetra,
1506 536 1639 568 modico
1657 534 1813 576 humore,
1828 537 1918 584 quod

408 592 486 626 hinc
497 590 620 637 liquet,
636 591 792 636 quoniam
802 600 861 623 nec
872 589 1111 634 corrumpitur,
1128 597 1190 619 nee
1216 582 1369 631 rubigine
1387 584 1430 617 ita
1444 583 1506 617 cito
1516 582 1709 623 obducitur,
1737 596 1813 619 nam
1823 587 1918 623 omni

408 641 472 675 fere
486 642 553 684 ejus
570 640 709 674 humore
719 638 889 683 absumpto
899 660 909 676 ,
920 637 989 684 plus
998 637 1080 682 justo
1089 634 1236 670 exustum
1247 633 1305 672 est.
1355 632 1414 668 Ob
1425 644 1524 678 quam
1538 635 1661 668 eausam
1672 636 1706 667 in
1718 636 1832 677 majori
1843 647 1921 681 pre·

241 690 411 737 nmquam
422 690 544 725 serrum
553 711 564 727 ,
573 700 612 723 :es
622 687 711 723 fuisse
723 690 859 733 antiquo
868 698 1034 733 tempore,
1046 684 1219 720 verisimile
1230 683 1294 721 est,
1310 691 1345 717 ut
1354 692 1394 716 ex
1402 693 1463 716 aere
1476 694 1544 715 non
1554 682 1656 717 solum
1665 695 1755 718 arma
1768 707 1779 723 ,
1798 685 1921 730 quibus

239 750 429 787 tegerentur
437 763 447 780 ‚
469 741 503 773 &
511 738 640 785 clypeos
650 760 660 776 ,
683 736 734 771 sed
746 740 778 771 δε
790 736 914 771 lanceas
927 747 1050 770 veteres
1061 733 1278 772 conficerent,
1286 731 1388 779 ,quod
1398 742 1466 765 non
1477 743 1666 767 attereretur
1673 744 1743 767 aevo
1752 756 1762 772 ,
1782 744 1843 768 nec
1851 736 1919 775 usu,

239 790 321 823 Inde
332 800 404 823 mos
413 792 446 823 &
460 788 620 836 AE'gyptiis
633 786 769 821 invaluit
785 810 796 825 ‚
804 791 898 820 κτείς
910 784 1035 819 tabulas
1046 782 1251 819 cadaveribus
1261 783 1433 823 imponere
1442 803 1452 818 ‚
1464 793 1534 827 quae
1545 783 1918 828 putredinemarcerent.

238 837 282 873 sic
291 837 403 872 iisdem
416 841 450 872 &
461 840 543 873 acuti
551 836 809 871 mucrones-arei
823 834 915 869 infixi
927 834 998 869 sunt
1007 858 1016 874 ,
1026 845 1060 868 ut
1069 834 1198 868 testatur
1209 833 1331 866 Pierius
1339 832 1373 864 in
1382 831 1620 879 Hieroglyplioic.»
1668 835 1773 867 Variae
1782 835 1849 877 ejus
1859 844 1923 868 nu-

238 897 408 922 merantur
420 889 549 935 species,
576 885 597 919 si
611 884 712 920 rubro
721 882 866 919 induitur
878 883 999 921 colore,
1009 886 1201 917 nominatur
1208 893 1248 916 aes
1258 882 1433 926 Cyprium,
1447 884 1497 915 vel
1510 882 1679 916 communi
1690 882 1852 917 vocabulo
1861 894 1922 918 cu·

238 948 335 983 prum
349 960 360 976 ‚
370 938 458 983 quod
469 937 600 983 copiose=
610 936 748 970 nascitur
757 936 792 969 in
804 933 907 968 Insula
923 935 1035 979 Cypro
1045 958 1054 971 ‚
1068 933 1085 966 ὲ
1100 943 1164 979 qua
1175 931 1266 970 finum
1276 930 1430 965 derivasse
1442 942 1565 964 nomen
1578 933 1710 977 quidam
1722 932 1922 972 existimant.

239 986 273 1020 31·
283 989 508 1021 commiscetur
519 997 590 1019 cum
603 984 711 1030 lapide
723 985 909 1019 calaminari
920 1009 930 1024 ,
950 987 1001 1017 seu
1011 981 1133 1017 cadmia
1143 1004 1154 1020 ,
1162 991 1216 1015 aut
1227 980 1338 1015 calcite
1346 1003 1356 1018 ,
1378 981 1467 1024 quod
1478 981 1566 1014 idem
1577 981 1621 1014 est
1629 1004 1639 1020 ‚
1657 981 1775 1017 flavum
1790 985 1922 1027 praesert

237 1035 385 1070 colorem
396 1060 408 1075 ,
419 1039 451 1070 &
463 1034 660 1070 orichalcum
676 1045 819 1068 vocatur.
871 1033 975 1066 Datur
986 1036 1019 1066 &
1030 1044 1068 1065 :rs
1080 1030 1190 1064 album
1201 1051 1212 1067 ‚
1228 1031 1317 1071 quod
1326 1030 1489 1075 consurgit
1501 1043 1539 1064 ex
1550 1032 1690 1064 mixtura
1700 1043 1773 1066 cum
1795 1031 1922 1067 stanno.
1975 1055 1981 1066 ,

236 1086 482 1120 Corinthiacum
492 1087 587 1120 etiam
598 1085 722 1117 dietum
735 1082 778 1115 est
789 1082 876 1115 aliud
889 1104 899 1120 2
910 1081 998 1128 quod
1009 1083 1043 1115 iu
1057 1080 1145 1115 urbis
1155 1076 1410 1125 conflagratione
1419 1091 1492 1112 curn
1503 1079 1635 1114 diversis
1646 1082 1785 1116 metallis
1796 1083 1921 1125 permi-

234 1138 317 1170 stum
329 1134 404 1170 fuit.
431 1133 554 1169 Rursus
564 1143 603 1165 τε
613 1130 700 1165 aiiud
710 1134 909 1165 coronarium
918 1130 1118 1176 appellatur,
1130 1129 1220 1175 quod
1232 1130 1266 1164 in
1276 1127 1472 1163 tenuiffimas
1483 1129 1653 1163 diduetum
1671 1127 1850 1165 bracteolas
1862 1131 1907 1166 sel
1913 1151 1921 1159 ·

233 1183 266 1221 le
279 1186 361 1218 tauri
373 1186 628 1230 tingiturffitque
638 1192 752 1215 aurum
765 1181 867 1226 ipsum
879 1180 990 1215 colore
999 1181 1164 1226 exprimit,
1194 1180 1363 1216 Praeterea,
1381 1177 1401 1211 si
1412 1177 1547 1212 rubrum
1558 1181 1591 1212 δε
1607 1178 1726 1213 flavum
1736 1180 1919 1226 aliquando

180 1231 183 1236 ”
232 1236 369 1268 misceas
380 1256 390 1271 ,
404 1232 459 1275 fiet
470 1242 604 1278 cuprum
616 1225 748 1277 nigrum
759 1253 769 1270 ,
779 1230 831 1264 seu
840 1229 966 1266 bronze.
1017 1231 1065 1264 Ex
1075 1241 1141 1275 quo
1155 1237 1261 1274 patet,
1275 1240 1315 1261 τε
1324 1227 1459 1262 rubrum
1468 1228 1622 1262 duntaxat
1641 1240 1757 1275 purum
1770 1228 1922 1277 elie,atq;

235 1282 367 1330 proprie
377 1284 508 1319 unicam
520 1282 675 1316 duntaxat
684 1282 753 1314 aris
764 1281 775 1314 s
775 1292 899 1327 pectem
913 1281 983 1314 dati
995 1303 1005 1318 ,
1015 1279 1118 1314 alium
1131 1280 1220 1312 enim
1234 1276 1380 1313 colorem
1389 1288 1506 1324 ,quem
1516 1277 1663 1317 assumit,
1684 1290 1753 1313 non
1762 1279 1779 1312 ὲ
1794 1290 1921 1319 natura,

234 1335 286 1368 sed
297 1342 355 1379 per
367 1332 566 1366 additionem
584 1329 733 1364 tincstutae
747 1332 896 1372 acquirit.
1818 1358 1821 1374 :

337 1378 516 1416 Conclusio
528 1380 676 1416 secunda.
728 1382 831 1414 Variae
839 1383 908 1420 ejus
919 1378 1156 1413 enumerantur
1167 1378 1381 1425 proprietates
1390 1400 1402 1416 ,
1421 1388 1461 1410 ex
1472 1376 1593 1422 quibus
1603 1379 1711 1424 ptimo
1722 1376 1797 1412 loco
1806 1389 1920 1414 occur-

239 1432 447 1479 ritgtavitas,
466 1432 629 1476 quainter
644 1428 775 1463 metalla
787 1430 931 1463 medium
945 1428 1059 1462 locum
1072 1439 1180 1468 tenet3
1206 1439 1246 1461 aes
1258 1429 1347 1460 enim
1365 1428 1495 1472 gravius
1505 1428 1549 1460 est
1569 1426 1660 1462 ferro
1679 1430 1713 1462 δε
1726 1428 1858 1468 stann0,
1875 1429 1922 1463 le-

239 1485 313 1516 vius
326 1491 435 1514 tamen
444 1491 536 1518 auro,
550 1490 687 1525 argento
701 1481 734 1511 &
745 1478 893 1523 plumbo,
948 1479 1046 1512 Ratio
1055 1478 1148 1522 hujus
1159 1476 1304 1524 petitur&
1315 1478 1438 1517 maiore
1449 1476 1501 1510 vel
1511 1479 1633 1511 minori
1645 1478 1847 1511 admixtione
1858 1488 1922 1513 tet-

235 1543 279 1565 ›tae
290 1533 324 1565 δέ
335 1530 482 1565 humoris
493 1530 740 1575 comparatione
751 1525 834 1562 faeta
844 1529 882 1562 ad
895 1539 1003 1562 caetera
1012 1527 1152 1562 metalla.
1180 1528 1270 1561 Hine
1280 1525 1386 1560 ferrea
1395 1528 1484 1560 incus
1492 1528 1545 1560 aeri
1559 1526 1687 1574 liquato
1701 1529 1835 1567 innatat,
1863 1528 1924 1562 Pa·

234 1583 315 1615 riter
325 1579 573 1614 discurrendum
585 1581 625 1611 de
635 1580 702 1623 ejus
713 1577 849 1613 siccitate
858 1581 891 1611 ὃς
903 1579 1038 1616 duritie,
1049 1588 1149 1623 quam
1170 1577 1268 1610 etiarn
1289 1575 1329 1609 ab
1339 1575 1478 1609 arc‘kiote
1500 1575 1596 1622 plexu
1607 1577 1746 1623 partium
1767 1578 1916 1616 desumit,

238 1632 348 1678 Qam
365 1628 410 1662 ob
423 1630 544 1663 causam
555 1627 687 1664 difficile
700 1627 862 1674 liquatur,
878 1628 1093 1662 faciletameu
1103 1626 1266 1660 incalescit
1281 1648 1291 1663 ,
1313 1627 1347 1658 διε
1360 1626 1568 1664 accenditur,
1589 1625 1826 1672 accensumque
1841 1626 1923 1661 adef)

233 1678 384 1723 splendet
396 1679 565 1723 praesertim
578 1678 742 1711 noostutno
754 1680 922 1723 tempocfl,
946 1688 981 1711 ut
995 1676 1096 1711 solem
1108 1675 1237 1722 fulgore
1249 1675 1500 1723 quodammodo
1510 1675 1687 1709 aemuletur.
1741 1674 1841 1710 Valde
1853 1675 1923 1711 ela-

235 1729 352 1762 sticum
363 1726 408 1761 est
417 1750 427 1766 ,
445 1727 524 1769 inde
535 1727 574 1759 ad
585 1726 722 1760 chordas
735 1725 913 1759 musicas&
925 1736 1094 1770 campanas
1103 1724 1288 1762 adhibetur,
1340 1724 1531 1757 Caleinatur
1543 1723 1643 1758 affuso
1656 1723 1829 1771 sulphure3
1856 1725 1920 1759 dis-

236 1776 376 1811 solvitur
386 1777 463 1809 item
477 1775 589 1821 spiritu
599 1776 679 1809 aceti
693 1798 702 1812 ‚
720 1774 878 1820 &spiritu
898 1774 968 1808 salis
976 1775 1149 1812 amoniaci,
1200 1771 1362 1807 Caeterum
1382 1783 1453 1805 cum
1464 1784 1524 1805 :ate
1543 1772 1706 1808 difficilius
1729 1776 1921 1809 admiscetur

237 1826 424 1861 Mercurius
435 1847 446 1863 ‚
459 1825 557 1871 quiam
567 1835 640 1858 cum
651 1822 725 1857 ullis
734 1823 875 1857 metallis
885 1847 895 1863 ,
910 1833 1046 1869 excepto
1059 1822 1158 1856 ferro.
1208 1824 1262 1856 AEs
1273 1820 1438 1868 regulare,
1447 1822 1535 1867 quod
1545 1823 1629 1869 ignis
1642 1822 1813 1858 ardoribus
1823 1827 1839 1857 εἰ
1851 1816 1922 1858 (cof,

238 1877 298 1910 riis
309 1885 483 1922 purgatur,
497 1885 565 1907 non
576 1871 685 1906 differt
695 1872 821 1918 speciea
833 1871 972 1905 caldario
982 1895 992 1909 ,
1003 1871 1093 1916 quod
1104 1881 1138 1905 ut
1147 1870 1312 1905 obscurius
1326 1892 1336 1909 ,
1353 1871 1394 1903 ita
1404 1869 1500 1905 vilius
1513 1872 1633 1910 existit,
1652 1871 1732 1905 illud
1741 1884 1850 1907 autem
1860 1886 1921 1907 co·

233 1925 342 1960 lorem
353 1926 421 1958 auri
432 1925 534 1970 magis
545 1923 657 1960 refert,
670 1925 703 1955 ὃ(
712 1922 828 1956 duciae
842 1920 937 1955 tundi
950 1919 1079 1955 facilius
1088 1920 1201 1966 potest.
1227 1921 1303 1954 Hoc
1317 1918 1406 1953 fufile
1417 1920 1549 1965 quidem
1561 1920 1619 1958 est,
1633 1920 1683 1954 sed
1694 1923 1802 1957 minus
1811 1922 1919 1958 duffi-

237 1975 270 2010 le
280 1998 290 2014 ,
300 1974 373 2008 cum
384 1973 561 2020 plurimum
573 1970 690 2006 habeat
702 1981 838 2004 terrena:
854 1971 1060 2016 impuritatis,
1112 1969 1144 2003 Si
1156 1971 1191 2004 in
1202 1981 1242 2003 aes
1253 1968 1358 2003 fusum
1370 1979 1454 2015 aqua
1464 1967 1664 2009 infunditur,
1674 1972 1761 2005 edito
1771 1974 1919 2007 maximo

235 2025 372 2071 strepitu
394 2035 434 2057 ex
445 2023 516 2060 itale
528 2031 686 2067 erumpet.
737 2020 827 2054 Idem
838 2022 1007 2067 continget
1016 2043 1029 2058 ,
1047 2018 1067 2053 fi
1079 2018 1130 2053 vel
1149 2018 1277 2065 lapillus
1287 2041 1297 2057 ,
1326 2017 1377 2051 vel
1391 2017 1478 2052 aliud
1499 2019 1668 2056 humidum
1690 2023 1724 2054 δε
1748 2022 1918 2056 madidum

236 2076 292 2109 aeri
310 2073 381 2109 fuso
391 2075 611 2119 immergatur.
638 2070 738 2104 Ratio
750 2070 842 2111 hujus
851 2070 894 2104 est
904 2092 915 2108 ‚
928 2071 1005 2116 quia
1016 2081 1100 2114 aqua
1113 2068 1197 2103 subit
1207 2067 1294 2102 infra
1304 2079 1343 2102 κε
1351 2067 1514 2114 liquatum
1530 2068 1685 2103 nonnihil
1697 2068 1806 2105 saltem
1819 2094 1829 2109 ,
1838 2083 1919 2105 mox

237 2122 350 2158 ratefit
359 2146 369 2162 ,
379 2125 413 2157 &
423 2120 625 2156 utbombula
637 2118 755 2154 diffilit.
782 2119 979 2165 Analogiam
992 2121 1025 2153 ἃ
1035 2120 1090 2153 dat
1099 2118 1203 2165 pulvis
1217 2129 1331 2164 pyreus
1344 2120 1379 2151 in
1393 2117 1504 2150 medio
1515 2117 1662 2164 lapidum
1672 2119 1805 2155 cumulo
1815 2119 1922 2155 subito

237 2173 398 2207 aecensus.
449 2169 503 2204 AEs
513 2170 653 2214 politum
664 2168 763 2213 ‚aqua
774 2167 825 2202 vel
839 2170 994 2215 sanguine
1016 2167 1232 2202 madefactum
1246 2168 1340 2201 citius
1350 2168 1506 2213 aeruginat
1518 2191 1527 2206 ‚
1537 2168 1605 2201 imo
1619 2168 1680 2202 sale
1693 2167 1743 2202 vel
1752 2180 1854 2208 aceto,
1865 2179 1921 2203 aut

240 2222 334 2254 urina
346 2218 503 2266 aspersum
513 2219 615 2253 statim
627 2228 767 2251 mutatur
779 2219 813 2250 in
834 2218 972 2251 viridem
981 2219 1176 2264 aeruginem.
1229 2218 1306 2249 s-laec
1323 2218 1411 2250 enim
1426 2219 1539 2250 omnia
1552 2228 1650 2262 poros
1663 2216 1920 2252 efficiuntlaxio-

239 2281 292 2304 tes
304 2291 315 2309 2
327 2279 424 2314 atque
433 2270 513 2302 adeo
528 2267 646 2301 halitus
659 2267 924 2301 excrementitius
936 2265 1063 2300 facilius
1072 2277 1255 2312 erumpere,
1266 2268 1300 2299 &
1314 2267 1349 2298 in
1359 2268 1539 2309 aeruginem
1550 2266 1752 2300 concrescere
1764 2267 1880 2313 potest.

339 2321 472 2360 Quartes
488 2317 606 2362 primo.
656 2315 839 2357 Quod-nam
851 2315 886 2349 fit
896 2316 1053 2350 indicium
1067 2316 1135 2349 aeris
1145 2314 1296 2353 fodinae?
1347 2315 1447 2357 Resp,
1475 2315 1585 2350 Primo
1596 2314 1705 2361 colligi
1717 2316 1778 2350 hoc
1795 2317 1927 2351 exaerul

238 2370 318 2417 gine
327 2391 337 2408 ,
355 2373 401 2401 ex'
410 2377 490 2400 vena
500 2367 588 2399 enim
599 2368 706 2400 aeraria
717 2364 837 2399 halitus
850 2364 1009 2402 ascendit,
1019 2364 1159 2411 quicum
1173 2365 1207 2398 in
1218 2364 1391 2398 humorem
1407 2375 1497 2398 εει-τε
1506 2365 1685 2398 admixtum
1698 2367 1827 2404 incidat,
1840 2377 1928 2400 corr-¹

238 2416 351 2453 crescit
363 2418 397 2450 in
406 2417 593 2462 aeruginem.
644 2415 794 2449 Secundo
806 2414 932 2460 signum
942 2425 979 2459 pr
1032 2425 1086 2448 ent
1096 2415 1166 2448 saxa
1177 2414 1249 2448 flavi
1261 2417 1294 2448 &
1307 2412 1432 2448 caerulei
1441 2413 1575 2454 colotis;
1602 2414 1878 2449 item-fiiliurarum
1887 2427 1924 2450 ac

241 2470 400 2502 rimarum
411 2467 517 2510 copia.
568 2465 745 2498 Rationem
756 2465 810 2498 dat
823 2464 999 2498 Kircherus
1056 2464 1132 2502 und,
1143 2462 1224 2502 subt.
1242 2462 1265 2504 l,
1283 2474 1337 2502 10.
1356 2463 1414 2497 sec.
1425 2474 1458 2508 4.
1471 2474 1496 2497 c.
1507 2476 1542 2507 9.
1568 2463 1658 2508 quod
1677 2466 1859 2499 Mercurius
1869 2475 1929 2499 ca·=v
1964 2495 1966 2497 ,

241 2516 315 2551 lore
323 2517 430 2550 nimio
441 2514 597 2548 exaltatus
608 2514 730 2560 lapides
741 2512 910 2547 intrinseca
922 2513 1118 2548 humiditate
1127 2512 1268 2551 exsiccet.
1321 2513 1418 2546 Unde
1429 2513 1546 2547 nfluras
1557 2535 1567 2550 ‚
1581 2513 1747 2560 rim‘asque
1764 2525 1921 2560 tauquam

243 2565 497 2601 continuationis
509 2563 640 2597 vinculo
650 2562 805 2597 dissoluto
815 2564 896 2596 nasci
912 2563 1034 2597 necesie
1044 2563 1098 2597 est.
1149 2562 1261 2596 Tertio
1270 2585 1280 2599 ,
1293 2574 1381 2607 aquae
1389 2562 1560 2597 ,vittiolata’
1571 2574 1612 2596 ex
1622 2575 1736 2598 monte
1744 2574 1920 2608 erumpen-

245 2626 293 2651 tes
304 2614 546 2650 subvitescentis
556 2612 674 2647 coloris
686 2611 883 2657 ,odorisque
894 2612 1067 2649 metallici,
1077 2623 1216 2657 quaeque
1232 2603 1370 2645 fuffdum
1381 2615 1470 2656 putri
1482 2613 1621 2659 quadam
1633 2614 1747 2651 viridi,
1763 2614 1872 2649 tenui,
1882 2622 1921 2645 ac
1966 2651 1969 2653 ‚
1990 2614 1992 2619 '

244 2666 376 2700 mucosa
387 2663 516 2697 materia
526 2686 536 2701 ‚
547 2661 645 2695 veluti
656 2660 790 2695 cuticula
800 2660 938 2706 quddam
949 2661 1135 2701 obducunt,
1149 2671 1296 2694 montem
1305 2672 1366 2694 aere
1376 2672 1595 2709 praegnantem
1607 2663 1764 2702 indicant,
1813 2661 1922 2694 Caete-

242 2715 316 2749 nim
330 2723 490 2748 memorat
502 2712 673 2755 lonstonus
683 2712 723 2744 de
736 2711 902 2746 Admiran.
918 2710 1033 2745 xoffib.
1043 2722 1069 2745 c.
1079 2723 1140 2756 29.
1166 2712 1199 2744 in
1211 2712 1326 2756 Cypro
1335 2722 1436 2757 genus
1447 2711 1609 2753 quoddam
1621 2711 1770 2752 esleauro
1783 2722 1848 2744 non
1860 2710 1921 2743 ab·

243 2763 348 2798 firnile
364 2782 375 2797 ³
396 2764 483 2808 quod
498 2766 532 2797 in
543 2759 642 2795 frusta
652 2759 863 2793 minutissima
874 2760 993 2794 lectum
1005 2760 1154 2807 agricolae
1166 2764 1292 2798 serunt,
1307 2762 1339 2793 δε
1355 2759 1472 2805 pluviis
1484 2760 1724 2799 humetstatum,
1745 2758 1917 2804 calotc'que

243 2813 441 2846 vivificatum
454 2811 582 2848 crescit,
593 2822 627 2844 ac
638 2809 803 2853 postquam
815 2809 854 2841 ad
865 2809 973 2850 justam
987 2811 1204 2843 maturitatem
1215 2808 1411 2847 adoleverit,
1423 2810 1599 2856 colligitur.
1654 2811 1745 2844 Fides
1763 2810 1854 2847 hujus
1867 2810 1917 2842 rei
1960 2846 1962 2848 ,

243 2862 279 2895 fit
293 2874 391 2907 penes
400 2861 570 2897 authorem
582 2883 591 2897 ,
600 2859 681 2907 mihi
692 2860 780 2892 enim
793 2856 902 2892 fabula
912 2860 1040 2893 videtur
1049 2882 1058 2898 ‚
1068 2860 1205 2893 admitto
1215 2869 1334 2897 tamen,
1343 2859 1430 2902 quod
1444 2870 1499 2904 per
1508 2857 1787 2905 juxtapositionein
1799 2858 1920 2894 cresce-

245 2922 280 2944 re
291 2911 383 2956 poflit
393 2935 402 2948 ,
423 2911 461 2944 eo
471 2911 557 2955 qnod
568 2909 674 2954 plures
686 2918 789 2953 partes
799 2899 1021 2954 homogefieas
1039 2909 1056 2942 ὲ
1069 2918 1152 2942 terra
1165 2910 1299 2943 auta'e're
1308 2908 1444 2943 attrahat
1455 2932 1465 2948 ‚
1481 2912 1515 2943 &
1528 2908 1568 2943 fic
1578 2921 1636 2957 per
1645 2919 1804 2944 novarum
1818 2911 1921 2954 parti-v

243 2971 298 2993 um
309 2959 459 2994 accessum
478 2961 586 3005 augeri
603 2957 707 2999 poffit.

339 3008 630 3049 Quaeressecundo,
655 3009 772 3041 Utrum
787 3003 998 3040 orichalcum
1018 3006 1232 3042 aureicoloris
1245 3007 1339 3042 etiam
1353 3018 1393 3040 ex
1406 3005 1534 3043 fodinis
1544 3018 1681 3043 eruatur.
1709 3005 1940 3052 Respondeo‚‘.
1962 3045 1964 3050 ,
1986 3037 1995 3045 Δ,

244 3050 456 3094 orichalcum
471 3070 561 3105 ,quo
575 3057 682 3091 modo·
692 3058 836 3093 utimur,
860 3066 915 3100 per
939 3055 1114 3090 tim-‘lutam
1137 3057 1280 3103 pulveris
1297 3057 1442 3091 Gadmiae
1461 3060 1480 3101 ζ
1499 3057 1579 3103 lapis
1596 3058 1646 3090 hic
1667 3056 1712 3089 est
1730 3057 1920 3102 imperfeffi

247 3108 345 3154 aeris)
361 3119 401 3142 ex
412 3107 512 3143 rubro
521 3119 582 3143 arte
591 3106 682 3145 fieri,
693 3116 728 3141 ut
738 3104 882 3152 superius
895 3107 1132 3144 annotavimus,
1187 3106 1282 3142 Unde
1291 3105 1407 3140 censeo
1415 3106 1626 3142 Orici-:sicum
1637 3105 1699 3140 esse
1716 3117 1757 3141 «τε
1773 3118 1841 3140 non
1854 3117 1920 3142 tam
1960 3138 1963 3142 ,

1790 3166 1922 3192 naturas
