<?xml version="1.0" encoding="UTF-8"?>
<!DOCTYPE html PUBLIC "-//W3C//DTD XHTML 1.0 Transitional//EN"
    "http://www.w3.org/TR/xhtml1/DTD/xhtml1-transitional.dtd">
<html xmlns="http://www.w3.org/1999/xhtml" xml:lang="en" lang="en">
 <head>
  <title>
</title>
<meta http-equiv="Content-Type" content="text/html;charset=utf-8" />
  <meta name='ocr-system' content='tesseract 3.04.00' />
  <meta name='ocr-capabilities' content='ocr_page ocr_carea ocr_par ocr_line ocrx_word'/>
</head>
<body>
  <div class='ocr_page' id='page_1' title='image "./philosphicopolit00rein_0195.png"; bbox 0 0 2060 3444; ppageno 0'>
   <div class='ocr_carea' id='block_1_1' title="bbox 652 200 1775 277">
    <p class='ocr_par' dir='ltr' id='par_1_1' title="bbox 652 200 1775 277">
     <span class='ocr_line' id='line_1_1' title="bbox 652 200 1775 277; baseline 0.003 -23"><span class='ocrx_word' id='word_1_1' title='bbox 652 200 1009 277; x_wconf 75' lang='lat' dir='ltr'>philosophico</span> <span class='ocrx_word' id='word_1_2' title='bbox 1021 239 1037 246; x_wconf 92' lang='lat'><em>-</em></span> <span class='ocrx_word' id='word_1_3' title='bbox 1053 205 1291 261; x_wconf 70' lang='lat' dir='ltr'>Politica.‘</span> <span class='ocrx_word' id='word_1_4' title='bbox 1687 211 1775 272; x_wconf 84' lang='lat'>183</span> 
     </span>
    </p>
   </div>
   <div class='ocr_carea' id='block_1_2' title="bbox 0 278 1922 1161">
    <p class='ocr_par' dir='ltr' id='par_1_2' title="bbox 0 278 1922 1161">
     <span class='ocr_line' id='line_1_2' title="bbox 79 278 1772 337; baseline 0.003 -20"><span class='ocrx_word' id='word_1_5' title='bbox 79 278 172 316; x_wconf 83' lang='lat' dir='ltr'>Nero</span> <span class='ocrx_word' id='word_1_6' title='bbox 181 297 256 320; x_wconf 85' lang='lat' dir='ltr'>nem</span> <span class='ocrx_word' id='word_1_7' title='bbox 269 286 402 322; x_wconf 76' lang='lat' dir='ltr'>intende</span> <span class='ocrx_word' id='word_1_8' title='bbox 411 311 419 326; x_wconf 82' lang='lat'>,</span> <span class='ocrx_word' id='word_1_9' title='bbox 441 289 475 322; x_wconf 91' lang='lat' dir='ltr'>in</span> <span class='ocrx_word' id='word_1_10' title='bbox 488 285 710 323; x_wconf 82' lang='lat' dir='ltr'>Hannibalem</span> <span class='ocrx_word' id='word_1_11' title='bbox 722 291 867 331; x_wconf 88' lang='lat' dir='ltr'>conjice:</span> <span class='ocrx_word' id='word_1_12' title='bbox 890 287 1060 323; x_wconf 70' lang='lat' dir='ltr'>factusiste</span> <span class='ocrx_word' id='word_1_13' title='bbox 1071 288 1309 337; x_wconf 84' lang='lat' dir='ltr'>voluptatibus,</span> <span class='ocrx_word' id='word_1_14' title='bbox 1319 289 1374 324; x_wconf 87' lang='lat' dir='ltr'>ille</span> <span class='ocrx_word' id='word_1_15' title='bbox 1385 288 1564 335; x_wconf 83' lang='lat' dir='ltr'>cupiditate</span> <span class='ocrx_word' id='word_1_16' title='bbox 1575 289 1687 321; x_wconf 83' lang='lat' dir='ltr'>animo</span> <span class='ocrx_word' id='word_1_17' title='bbox 1699 300 1772 322; x_wconf 89' lang='lat' dir='ltr'>mo-</span> 
     </span>
     <span class='ocr_line' id='line_1_3' title="bbox 81 335 1772 375; baseline 0.002 -7"><span class='ocrx_word' id='word_1_18' title='bbox 81 342 144 366; x_wconf 76' lang='lat' dir='ltr'>tus·</span> <span class='ocrx_word' id='word_1_19' title='bbox 173 335 233 369; x_wconf 80' lang='lat' dir='ltr'>Per</span> <span class='ocrx_word' id='word_1_20' title='bbox 246 348 341 371; x_wconf 88' lang='lat' dir='ltr'>autes</span> <span class='ocrx_word' id='word_1_21' title='bbox 354 339 386 371; x_wconf 83' lang='lat' dir='ltr'>in</span> <span class='ocrx_word' id='word_1_22' title='bbox 397 340 545 373; x_wconf 81' lang='lat' dir='ltr'>animum</span> <span class='ocrx_word' id='word_1_23' title='bbox 560 335 700 371; x_wconf 74' lang='lat' dir='ltr'>szrenum</span> <span class='ocrx_word' id='word_1_24' title='bbox 720 337 881 373; x_wconf 77' lang='lat' dir='ltr'>illecebrae</span> <span class='ocrx_word' id='word_1_25' title='bbox 894 336 1139 375; x_wconf 86' lang='lat' dir='ltr'>descenderunt.</span> <span class='ocrx_word' id='word_1_26' title='bbox 1179 339 1378 374; x_wconf 85' lang='lat' dir='ltr'>Eliminandi</span> <span class='ocrx_word' id='word_1_27' title='bbox 1392 339 1467 373; x_wconf 84' lang='lat' dir='ltr'>sunt</span> <span class='ocrx_word' id='word_1_28' title='bbox 1489 337 1628 374; x_wconf 61' lang='lat' dir='ltr'>&amp;limine</span> <span class='ocrx_word' id='word_1_29' title='bbox 1640 338 1772 371; x_wconf 82' lang='lat' dir='ltr'>aurium</span> 
     </span>
     <span class='ocr_line' id='line_1_4' title="bbox 79 379 1772 434; baseline 0.001 -17"><span class='ocrx_word' id='word_1_30' title='bbox 79 379 228 418; x_wconf 81' lang='lat' dir='ltr'>effraenes</span> <span class='ocrx_word' id='word_1_31' title='bbox 239 398 359 430; x_wconf 57' lang='lat' dir='ltr'>voces,</span> <span class='ocrx_word' id='word_1_32' title='bbox 377 400 419 421; x_wconf 86' lang='lat' dir='ltr'>ne</span> <span class='ocrx_word' id='word_1_33' title='bbox 430 390 558 420; x_wconf 85' lang='lat' dir='ltr'>animos</span> <span class='ocrx_word' id='word_1_34' title='bbox 567 384 692 420; x_wconf 88' lang='lat' dir='ltr'>faciant</span> <span class='ocrx_word' id='word_1_35' title='bbox 704 384 861 421; x_wconf 80' lang='lat' dir='ltr'>effrontes</span> <span class='ocrx_word' id='word_1_36' title='bbox 872 411 882 425; x_wconf 90' lang='lat'>,</span> <span class='ocrx_word' id='word_1_37' title='bbox 901 397 936 420; x_wconf 89' lang='lat' dir='ltr'>ut</span> <span class='ocrx_word' id='word_1_38' title='bbox 951 398 1005 432; x_wconf 88' lang='lat' dir='ltr'>per</span> <span class='ocrx_word' id='word_1_39' title='bbox 1015 386 1184 422; x_wconf 88' lang='lat' dir='ltr'>cuniculos</span> <span class='ocrx_word' id='word_1_40' title='bbox 1195 390 1229 422; x_wconf 90' lang='lat' dir='ltr'>in</span> <span class='ocrx_word' id='word_1_41' title='bbox 1244 387 1365 422; x_wconf 89' lang='lat' dir='ltr'>urbem</span> <span class='ocrx_word' id='word_1_42' title='bbox 1380 388 1566 434; x_wconf 83' lang='lat' dir='ltr'>ingreditur</span> <span class='ocrx_word' id='word_1_43' title='bbox 1579 386 1694 423; x_wconf 84' lang='lat' dir='ltr'>hostis,</span> <span class='ocrx_word' id='word_1_44' title='bbox 1715 395 1772 419; x_wconf 89' lang='lat' dir='ltr'>aut</span> 
     </span>
     <span class='ocr_line' id='line_1_5' title="bbox 77 433 1770 482; baseline 0.001 -16"><span class='ocrx_word' id='word_1_45' title='bbox 77 445 133 480; x_wconf 88' lang='lat' dir='ltr'>per</span> <span class='ocrx_word' id='word_1_46' title='bbox 146 433 296 468; x_wconf 85' lang='lat' dir='ltr'>miffitios</span> <span class='ocrx_word' id='word_1_47' title='bbox 309 437 403 481; x_wconf 81' lang='lat' dir='ltr'>ignes</span> <span class='ocrx_word' id='word_1_48' title='bbox 415 438 448 470; x_wconf 90' lang='lat' dir='ltr'>in</span> <span class='ocrx_word' id='word_1_49' title='bbox 459 433 587 469; x_wconf 78' lang='lat' dir='ltr'>favillas</span> <span class='ocrx_word' id='word_1_50' title='bbox 597 433 677 468; x_wconf 85' lang='lat' dir='ltr'>abiit</span> <span class='ocrx_word' id='word_1_51' title='bbox 688 436 785 482; x_wconf 86' lang='lat' dir='ltr'>Troja</span> <span class='ocrx_word' id='word_1_52' title='bbox 811 447 821 482; x_wconf 67' lang='grc' dir='ltr'><strong>ς</strong></span> <span class='ocrx_word' id='word_1_53' title='bbox 853 435 893 470; x_wconf 83' lang='lat' dir='ltr'>sic</span> <span class='ocrx_word' id='word_1_54' title='bbox 912 437 1105 481; x_wconf 83' lang='lat' dir='ltr'>peraurium</span> <span class='ocrx_word' id='word_1_55' title='bbox 1118 447 1244 471; x_wconf 89' lang='lat' dir='ltr'>meatus</span> <span class='ocrx_word' id='word_1_56' title='bbox 1262 440 1385 472; x_wconf 84' lang='lat' dir='ltr'>amoris</span> <span class='ocrx_word' id='word_1_57' title='bbox 1416 437 1557 471; x_wconf 65' lang='lat' dir='ltr'>flamma</span> <span class='ocrx_word' id='word_1_58' title='bbox 1571 434 1703 482; x_wconf 85' lang='lat' dir='ltr'>serpunt</span> <span class='ocrx_word' id='word_1_59' title='bbox 1729 434 1770 468; x_wconf 77' lang='lat' dir='ltr'>ad</span> 
     </span>
     <span class='ocr_line' id='line_1_6' title="bbox 76 481 1766 533; baseline 0.001 -18"><span class='ocrx_word' id='word_1_60' title='bbox 76 482 183 516; x_wconf 89' lang='lat' dir='ltr'>cordis</span> <span class='ocrx_word' id='word_1_61' title='bbox 230 495 340 518; x_wconf 86' lang='lat' dir='ltr'>arcem</span> <span class='ocrx_word' id='word_1_62' title='bbox 374 508 385 525; x_wconf 91' lang='lat'>,</span> <span class='ocrx_word' id='word_1_63' title='bbox 431 487 524 531; x_wconf 80' lang='lat' dir='ltr'>queis</span> <span class='ocrx_word' id='word_1_64' title='bbox 566 481 633 526; x_wconf 85' lang='lat' dir='ltr'>ipse</span> <span class='ocrx_word' id='word_1_65' title='bbox 668 487 800 520; x_wconf 87' lang='lat' dir='ltr'>animus</span> <span class='ocrx_word' id='word_1_66' title='bbox 841 484 1037 531; x_wconf 82' lang='lat' dir='ltr'>depascitur.</span> <span class='ocrx_word' id='word_1_67' title='bbox 1134 488 1262 533; x_wconf 89' lang='lat' dir='ltr'>Integer</span> <span class='ocrx_word' id='word_1_68' title='bbox 1303 498 1371 519; x_wconf 91' lang='lat' dir='ltr'>non</span> <span class='ocrx_word' id='word_1_69' title='bbox 1407 485 1452 519; x_wconf 88' lang='lat' dir='ltr'>est</span> <span class='ocrx_word' id='word_1_70' title='bbox 1475 488 1625 522; x_wconf 86' lang='lat' dir='ltr'>animus,</span> <span class='ocrx_word' id='word_1_71' title='bbox 1667 483 1690 518; x_wconf 84' lang='lat' dir='ltr'>fi</span> <span class='ocrx_word' id='word_1_72' title='bbox 1717 493 1766 516; x_wconf 88' lang='lat' dir='ltr'>ta-</span> 
     </span>
     <span class='ocr_line' id='line_1_7' title="bbox 0 529 1922 583; baseline 0.002 -19"><span class='ocrx_word' id='word_1_73' title='bbox 0 533 3 564; x_wconf 98' lang='grc' dir='ltr'>Ι</span> <span class='ocrx_word' id='word_1_74' title='bbox 75 531 114 564; x_wconf 91' lang='lat' dir='ltr'>be</span> <span class='ocrx_word' id='word_1_75' title='bbox 138 529 283 567; x_wconf 68' lang='lat' dir='ltr'>infectus</span> <span class='ocrx_word' id='word_1_76' title='bbox 311 533 357 568; x_wconf 85' lang='lat' dir='ltr'>est</span> <span class='ocrx_word' id='word_1_77' title='bbox 381 533 512 567; x_wconf 84' lang='lat' dir='ltr'>auditus</span> <span class='ocrx_word' id='word_1_78' title='bbox 548 543 557 570; x_wconf 79' lang='lat' dir='ltr'>t</span> <span class='ocrx_word' id='word_1_79' title='bbox 631 535 814 581; x_wconf 82' lang='lat' dir='ltr'>triumphat</span> <span class='ocrx_word' id='word_1_80' title='bbox 838 532 941 568; x_wconf 85' lang='lat' dir='ltr'>scelus</span> <span class='ocrx_word' id='word_1_81' title='bbox 966 535 1001 567; x_wconf 89' lang='lat' dir='ltr'>in</span> <span class='ocrx_word' id='word_1_82' title='bbox 1027 535 1135 568; x_wconf 85' lang='lat' dir='ltr'>cordis</span> <span class='ocrx_word' id='word_1_83' title='bbox 1162 533 1324 581; x_wconf 82' lang='lat' dir='ltr'>praefidio,</span> <span class='ocrx_word' id='word_1_84' title='bbox 1350 534 1548 580; x_wconf 80' lang='lat' dir='ltr'>tympanista</span> <span class='ocrx_word' id='word_1_85' title='bbox 1575 532 1677 567; x_wconf 86' lang='lat' dir='ltr'>limen</span> <span class='ocrx_word' id='word_1_86' title='bbox 1707 544 1761 567; x_wconf 83' lang='lat' dir='ltr'>au·</span> <span class='ocrx_word' id='word_1_87' title='bbox 1774 546 1876 583; x_wconf 44' lang='lat' dir='ltr'>svm·</span> <span class='ocrx_word' id='word_1_88' title='bbox 1889 548 1922 581; x_wconf 65' lang='lat' dir='ltr'>f„</span> 
     </span>
     <span class='ocr_line' id='line_1_8' title="bbox 0 581 1901 639; baseline 0.002 -25"><span class='ocrx_word' id='word_1_89' title='bbox 0 594 4 618; x_wconf 82' lang='grc' dir='ltr'>ι</span> <span class='ocrx_word' id='word_1_90' title='bbox 73 583 159 614; x_wconf 89' lang='lat' dir='ltr'>rium</span> <span class='ocrx_word' id='word_1_91' title='bbox 170 592 259 616; x_wconf 89' lang='lat' dir='ltr'>tenet</span> <span class='ocrx_word' id='word_1_92' title='bbox 274 583 419 629; x_wconf 77' lang='lat' dir='ltr'>Cupido.</span> <span class='ocrx_word' id='word_1_93' title='bbox 446 581 619 627; x_wconf 79' lang='lat' dir='ltr'>Difficilem</span> <span class='ocrx_word' id='word_1_94' title='bbox 631 581 740 616; x_wconf 84' lang='lat' dir='ltr'>habere</span> <span class='ocrx_word' id='word_1_95' title='bbox 747 593 860 629; x_wconf 82' lang='lat' dir='ltr'>oportet</span> <span class='ocrx_word' id='word_1_96' title='bbox 869 594 976 617; x_wconf 81' lang='lat' dir='ltr'>aurem</span> <span class='ocrx_word' id='word_1_97' title='bbox 990 581 1033 615; x_wconf 75' lang='lat' dir='ltr'>ad</span> <span class='ocrx_word' id='word_1_98' title='bbox 1042 586 1182 618; x_wconf 75' lang='lat' dir='ltr'>crimina.</span> <span class='ocrx_word' id='word_1_99' title='bbox 1213 583 1344 619; x_wconf 78' lang='lat' dir='ltr'>Seneca.</span> <span class='ocrx_word' id='word_1_100' title='bbox 1375 582 1566 617; x_wconf 88' lang='lat' dir='ltr'>Verborum</span> <span class='ocrx_word' id='word_1_101' title='bbox 1586 593 1717 617; x_wconf 86' lang='lat' dir='ltr'>coenum</span> <span class='ocrx_word' id='word_1_102' title='bbox 1728 586 1901 639; x_wconf 58' lang='lat' dir='ltr'>&amp;proverb</span> 
     </span>
     <span class='ocr_line' id='line_1_9' title="bbox 0 623 1914 683; baseline 0.002 -20"><span class='ocrx_word' id='word_1_103' title='bbox 0 642 6 683; x_wconf 48' lang='grc' dir='ltr'>Ι</span> <span class='ocrx_word' id='word_1_104' title='bbox 70 641 154 676; x_wconf 89' lang='lat' dir='ltr'>opus</span> <span class='ocrx_word' id='word_1_105' title='bbox 173 630 355 666; x_wconf 82' lang='lat' dir='ltr'>obscaenum</span> <span class='ocrx_word' id='word_1_106' title='bbox 372 630 504 665; x_wconf 84' lang='lat' dir='ltr'>nonnifi</span> <span class='ocrx_word' id='word_1_107' title='bbox 522 643 650 678; x_wconf 83' lang='lat' dir='ltr'>organo</span> <span class='ocrx_word' id='word_1_108' title='bbox 670 631 849 677; x_wconf 86' lang='lat' dir='ltr'>differunt,</span> <span class='ocrx_word' id='word_1_109' title='bbox 876 633 937 666; x_wconf 91' lang='lat' dir='ltr'>hoc</span> <span class='ocrx_word' id='word_1_110' title='bbox 951 630 1041 665; x_wconf 90' lang='lat' dir='ltr'>illius</span> <span class='ocrx_word' id='word_1_111' title='bbox 1051 631 1370 679; x_wconf 70' lang='lat' dir='ltr'>pediffequumagit.</span> <span class='ocrx_word' id='word_1_112' title='bbox 1396 634 1431 665; x_wconf 88' lang='lat' dir='ltr'>In</span> <span class='ocrx_word' id='word_1_113' title='bbox 1445 631 1763 678; x_wconf 85' lang='lat' dir='ltr'>auribus.quivete-</span> <span class='ocrx_word' id='word_1_114' title='bbox 1901 623 1914 638; x_wconf 68' lang='lat'><strong>⁹</strong></span> 
     </span>
     <span class='ocr_line' id='line_1_10' title="bbox 0 678 1763 727; baseline 0.002 -15"><span class='ocrx_word' id='word_1_115' title='bbox 0 686 3 690; x_wconf 78' lang='grc'>’</span> <span class='ocrx_word' id='word_1_116' title='bbox 71 680 228 714; x_wconf 80' lang='lat' dir='ltr'>cundiam</span> <span class='ocrx_word' id='word_1_117' title='bbox 244 681 368 724; x_wconf 61' lang='lat' dir='ltr'>exuit,</span> <span class='ocrx_word' id='word_1_118' title='bbox 379 678 527 714; x_wconf 86' lang='lat' dir='ltr'>frontem</span> <span class='ocrx_word' id='word_1_119' title='bbox 540 683 573 714; x_wconf 88' lang='lat' dir='ltr'>in</span> <span class='ocrx_word' id='word_1_120' title='bbox 592 683 705 715; x_wconf 87' lang='lat' dir='ltr'>animo</span> <span class='ocrx_word' id='word_1_121' title='bbox 719 682 804 717; x_wconf 88' lang='lat' dir='ltr'>haud</span> <span class='ocrx_word' id='word_1_122' title='bbox 821 683 917 727; x_wconf 80' lang='lat' dir='ltr'>gerit.</span> <span class='ocrx_word' id='word_1_123' title='bbox 944 681 1100 715; x_wconf 83' lang='lat' dir='ltr'>securum</span> <span class='ocrx_word' id='word_1_124' title='bbox 1116 681 1176 716; x_wconf 87' lang='lat' dir='ltr'>stat</span> <span class='ocrx_word' id='word_1_125' title='bbox 1193 682 1302 716; x_wconf 86' lang='lat' dir='ltr'>cordis</span> <span class='ocrx_word' id='word_1_126' title='bbox 1319 680 1506 716; x_wconf 79' lang='lat' dir='ltr'>castellum,</span> <span class='ocrx_word' id='word_1_127' title='bbox 1533 678 1591 714; x_wconf 90' lang='lat' dir='ltr'>ubi</span> <span class='ocrx_word' id='word_1_128' title='bbox 1605 680 1763 719; x_wconf 86' lang='lat' dir='ltr'>modestia</span> 
     </span>
     <span class='ocr_line' id='line_1_11' title="bbox 69 727 1763 777; baseline 0.002 -16"><span class='ocrx_word' id='word_1_129' title='bbox 69 731 201 762; x_wconf 88' lang='lat' dir='ltr'>aurium</span> <span class='ocrx_word' id='word_1_130' title='bbox 213 727 361 763; x_wconf 81' lang='lat' dir='ltr'>excubias</span> <span class='ocrx_word' id='word_1_131' title='bbox 376 732 455 777; x_wconf 83' lang='lat' dir='ltr'>agit.</span> <span class='ocrx_word' id='word_1_132' title='bbox 475 730 626 764; x_wconf 90' lang='lat' dir='ltr'>Candida</span> <span class='ocrx_word' id='word_1_133' title='bbox 647 743 738 765; x_wconf 88' lang='lat' dir='ltr'>mens</span> <span class='ocrx_word' id='word_1_134' title='bbox 751 753 761 770; x_wconf 92' lang='lat'><strong>,</strong></span> <span class='ocrx_word' id='word_1_135' title='bbox 788 730 846 765; x_wconf 89' lang='lat' dir='ltr'>ubi</span> <span class='ocrx_word' id='word_1_136' title='bbox 859 728 1062 764; x_wconf 80' lang='lat' dir='ltr'>verecundiae</span> <span class='ocrx_word' id='word_1_137' title='bbox 1075 729 1232 764; x_wconf 83' lang='lat' dir='ltr'>vexillum</span> <span class='ocrx_word' id='word_1_138' title='bbox 1256 729 1302 765; x_wconf 90' lang='lat' dir='ltr'>est</span> <span class='ocrx_word' id='word_1_139' title='bbox 1318 728 1454 764; x_wconf 88' lang='lat' dir='ltr'>auribus</span> <span class='ocrx_word' id='word_1_140' title='bbox 1467 727 1660 775; x_wconf 79' lang='lat' dir='ltr'>pendulum.</span> <span class='ocrx_word' id='word_1_141' title='bbox 1688 730 1763 764; x_wconf 86' lang='lat' dir='ltr'>Gae-</span> 
     </span>
     <span class='ocr_line' id='line_1_12' title="bbox 16 776 1760 827; baseline 0.003 -18"><span class='ocrx_word' id='word_1_142' title='bbox 16 807 18 820; x_wconf 13' lang='lat'>¹.</span> <span class='ocrx_word' id='word_1_143' title='bbox 69 789 127 811; x_wconf 87' lang='lat' dir='ltr'>cus</span> <span class='ocrx_word' id='word_1_144' title='bbox 139 778 272 824; x_wconf 83' lang='lat' dir='ltr'>Cupido</span> <span class='ocrx_word' id='word_1_145' title='bbox 283 777 328 811; x_wconf 89' lang='lat' dir='ltr'>est</span> <span class='ocrx_word' id='word_1_146' title='bbox 341 802 350 818; x_wconf 83' lang='lat'>,</span> <span class='ocrx_word' id='word_1_147' title='bbox 377 781 506 813; x_wconf 85' lang='lat' dir='ltr'>utinam</span> <span class='ocrx_word' id='word_1_148' title='bbox 525 777 687 814; x_wconf 78' lang='lat' dir='ltr'>&amp;surdus</span> <span class='ocrx_word' id='word_1_149' title='bbox 704 791 811 827; x_wconf 82' lang='lat' dir='ltr'>neque</span> <span class='ocrx_word' id='word_1_150' title='bbox 823 782 968 814; x_wconf 85' lang='lat' dir='ltr'>Xerxem</span> <span class='ocrx_word' id='word_1_151' title='bbox 989 776 1131 817; x_wconf 79' lang='lat' dir='ltr'>laefiffer,</span> <span class='ocrx_word' id='word_1_152' title='bbox 1158 792 1267 826; x_wconf 84' lang='lat' dir='ltr'>neque</span> <span class='ocrx_word' id='word_1_153' title='bbox 1283 779 1510 813; x_wconf 85' lang='lat' dir='ltr'>Alexandrum</span> <span class='ocrx_word' id='word_1_154' title='bbox 1531 777 1760 824; x_wconf 83' lang='lat' dir='ltr'>prostravisset.</span> 
     </span>
     <span class='ocr_line' id='line_1_13' title="bbox 72 826 1761 876; baseline 0.002 -17"><span class='ocrx_word' id='word_1_155' title='bbox 72 827 245 870; x_wconf 84' lang='lat' dir='ltr'>Prostituta</span> <span class='ocrx_word' id='word_1_156' title='bbox 254 826 374 862; x_wconf 88' lang='lat' dir='ltr'>domus</span> <span class='ocrx_word' id='word_1_157' title='bbox 385 828 449 866; x_wconf 85' lang='lat' dir='ltr'>est,</span> <span class='ocrx_word' id='word_1_158' title='bbox 474 828 622 863; x_wconf 78' lang='lat' dir='ltr'>ubiostia</span> <span class='ocrx_word' id='word_1_159' title='bbox 633 839 768 874; x_wconf 82' lang='lat' dir='ltr'>patent:</span> <span class='ocrx_word' id='word_1_160' title='bbox 793 841 901 876; x_wconf 89' lang='lat' dir='ltr'>neque</span> <span class='ocrx_word' id='word_1_161' title='bbox 917 829 1060 873; x_wconf 89' lang='lat' dir='ltr'>pretium</span> <span class='ocrx_word' id='word_1_162' title='bbox 1073 829 1208 873; x_wconf 89' lang='lat' dir='ltr'>pudoris</span> <span class='ocrx_word' id='word_1_163' title='bbox 1221 832 1343 862; x_wconf 88' lang='lat' dir='ltr'>retinet</span> <span class='ocrx_word' id='word_1_164' title='bbox 1358 840 1430 862; x_wconf 86' lang='lat' dir='ltr'>arca</span> <span class='ocrx_word' id='word_1_165' title='bbox 1441 826 1549 861; x_wconf 85' lang='lat' dir='ltr'>cordis</span> <span class='ocrx_word' id='word_1_166' title='bbox 1560 850 1569 866; x_wconf 90' lang='lat'><strong>‚</strong></span> <span class='ocrx_word' id='word_1_167' title='bbox 1585 828 1637 862; x_wconf 87' lang='lat' dir='ltr'>cui</span> <span class='ocrx_word' id='word_1_168' title='bbox 1647 826 1761 862; x_wconf 87' lang='lat' dir='ltr'>deficit</span> 
     </span>
     <span class='ocr_line' id='line_1_14' title="bbox 0 875 1762 923; baseline 0.001 -14"><span class='ocrx_word' id='word_1_169' title='bbox 0 888 7 914; x_wconf 68' lang='lat' dir='ltr'>t</span> <span class='ocrx_word' id='word_1_170' title='bbox 70 876 214 910; x_wconf 87' lang='lat' dir='ltr'>custodia</span> <span class='ocrx_word' id='word_1_171' title='bbox 231 878 329 910; x_wconf 79' lang='lat' dir='ltr'>auris.</span> <span class='ocrx_word' id='word_1_172' title='bbox 356 876 481 912; x_wconf 83' lang='lat' dir='ltr'>Nullus</span> <span class='ocrx_word' id='word_1_173' title='bbox 492 877 733 923; x_wconf 82' lang='lat' dir='ltr'>effetipureus,</span> <span class='ocrx_word' id='word_1_174' title='bbox 750 890 866 912; x_wconf 90' lang='lat' dir='ltr'>omnes</span> <span class='ocrx_word' id='word_1_175' title='bbox 878 876 991 913; x_wconf 84' lang='lat' dir='ltr'>forent</span> <span class='ocrx_word' id='word_1_176' title='bbox 1012 875 1173 921; x_wconf 84' lang='lat' dir='ltr'>spurinae,</span> <span class='ocrx_word' id='word_1_177' title='bbox 1202 876 1223 911; x_wconf 87' lang='lat' dir='ltr'>fi</span> <span class='ocrx_word' id='word_1_178' title='bbox 1237 876 1372 912; x_wconf 83' lang='lat' dir='ltr'>occlusae</span> <span class='ocrx_word' id='word_1_179' title='bbox 1384 886 1556 911; x_wconf 86' lang='lat' dir='ltr'>manerent</span> <span class='ocrx_word' id='word_1_180' title='bbox 1574 877 1703 911; x_wconf 86' lang='lat' dir='ltr'>aurium</span> <span class='ocrx_word' id='word_1_181' title='bbox 1714 879 1762 921; x_wconf 86' lang='lat' dir='ltr'>ja·</span> 
     </span>
     <span class='ocr_line' id='line_1_15' title="bbox 0 921 1762 974; baseline -0.001 -13"><span class='ocrx_word' id='word_1_182' title='bbox 0 921 17 961; x_wconf 46' lang='lat'>&#39;53</span> <span class='ocrx_word' id='word_1_183' title='bbox 69 937 152 960; x_wconf 80' lang='lat' dir='ltr'>nuae.</span> <span class='ocrx_word' id='word_1_184' title='bbox 193 925 485 971; x_wconf 86' lang='lat' dir='ltr'>Levispropudiofi</span> <span class='ocrx_word' id='word_1_185' title='bbox 505 926 597 961; x_wconf 89' lang='lat' dir='ltr'>verbi</span> <span class='ocrx_word' id='word_1_186' title='bbox 607 926 943 973; x_wconf 85' lang='lat' dir='ltr'>halitustempestates</span> <span class='ocrx_word' id='word_1_187' title='bbox 955 926 1059 960; x_wconf 82' lang='lat' dir='ltr'>animi</span> <span class='ocrx_word' id='word_1_188' title='bbox 1074 928 1156 964; x_wconf 83' lang='lat' dir='ltr'>ciet:</span> <span class='ocrx_word' id='word_1_189' title='bbox 1181 924 1362 974; x_wconf 73' lang='lat' dir='ltr'>subrepens</span> <span class='ocrx_word' id='word_1_190' title='bbox 1372 938 1429 973; x_wconf 89' lang='lat' dir='ltr'>per</span> <span class='ocrx_word' id='word_1_191' title='bbox 1438 937 1549 960; x_wconf 89' lang='lat' dir='ltr'>aurem</span> <span class='ocrx_word' id='word_1_192' title='bbox 1560 936 1636 960; x_wconf 87' lang='lat' dir='ltr'>aura</span> <span class='ocrx_word' id='word_1_193' title='bbox 1652 925 1762 959; x_wconf 87' lang='lat' dir='ltr'>obsce-</span> 
     </span>
     <span class='ocr_line' id='line_1_16' title="bbox 1 973 1761 1022; baseline 0 -14"><span class='ocrx_word' id='word_1_194' title='bbox 1 993 3 1008; x_wconf 72' lang='grc' dir='ltr'>ι</span> <span class='ocrx_word' id='word_1_195' title='bbox 71 977 146 1007; x_wconf 86' lang='lat' dir='ltr'>nior</span> <span class='ocrx_word' id='word_1_196' title='bbox 159 974 276 1019; x_wconf 82' lang='lat' dir='ltr'>pestem</span> <span class='ocrx_word' id='word_1_197' title='bbox 302 976 466 1018; x_wconf 85' lang='lat' dir='ltr'>pudicitiae</span> <span class='ocrx_word' id='word_1_198' title='bbox 479 976 723 1016; x_wconf 74' lang='lat' dir='ltr'>machinantur,</span> <span class='ocrx_word' id='word_1_199' title='bbox 753 977 968 1011; x_wconf 86' lang='lat' dir='ltr'>Deditionem</span> <span class='ocrx_word' id='word_1_200' title='bbox 984 976 1087 1009; x_wconf 86' lang='lat' dir='ltr'>animi</span> <span class='ocrx_word' id='word_1_201' title='bbox 1106 976 1230 1022; x_wconf 88' lang='lat' dir='ltr'>cogita,</span> <span class='ocrx_word' id='word_1_202' title='bbox 1250 978 1380 1010; x_wconf 89' lang='lat' dir='ltr'>aurium</span> <span class='ocrx_word' id='word_1_203' title='bbox 1397 976 1610 1020; x_wconf 85' lang='lat' dir='ltr'>Tympanum</span> <span class='ocrx_word' id='word_1_204' title='bbox 1621 973 1642 1008; x_wconf 86' lang='lat' dir='ltr'>fi</span> <span class='ocrx_word' id='word_1_205' title='bbox 1657 973 1761 1022; x_wconf 89' lang='lat' dir='ltr'>pulsat</span> 
     </span>
     <span class='ocr_line' id='line_1_17' title="bbox 72 1022 1761 1074; baseline 0.001 -17"><span class='ocrx_word' id='word_1_206' title='bbox 72 1025 214 1070; x_wconf 84' lang='lat' dir='ltr'>Cupido.</span> <span class='ocrx_word' id='word_1_207' title='bbox 260 1025 662 1074; x_wconf 83' lang='lat' dir='ltr'>Monstraingrediuntur</span> <span class='ocrx_word' id='word_1_208' title='bbox 675 1050 684 1066; x_wconf 84' lang='lat'>‚</span> <span class='ocrx_word' id='word_1_209' title='bbox 706 1026 868 1060; x_wconf 85' lang='lat' dir='ltr'>chimaerae</span> <span class='ocrx_word' id='word_1_210' title='bbox 877 1022 996 1060; x_wconf 88' lang='lat' dir='ltr'>vexilla</span> <span class='ocrx_word' id='word_1_211' title='bbox 1011 1023 1142 1069; x_wconf 82' lang='lat' dir='ltr'>figunt:</span> <span class='ocrx_word' id='word_1_212' title='bbox 1167 1024 1249 1072; x_wconf 89' lang='lat' dir='ltr'>quid</span> <span class='ocrx_word' id='word_1_213' title='bbox 1260 1026 1350 1059; x_wconf 89' lang='lat' dir='ltr'>enim</span> <span class='ocrx_word' id='word_1_214' title='bbox 1371 1024 1461 1058; x_wconf 88' lang='lat' dir='ltr'>aliud</span> <span class='ocrx_word' id='word_1_215' title='bbox 1479 1022 1640 1070; x_wconf 88' lang='lat' dir='ltr'>voluptas,</span> <span class='ocrx_word' id='word_1_216' title='bbox 1660 1023 1761 1070; x_wconf 71' lang='lat' dir='ltr'>quam</span> 
     </span>
     <span class='ocr_line' id='line_1_18' title="bbox 15 1071 1760 1122; baseline -0.001 -15"><span class='ocrx_word' id='word_1_217' title='bbox 15 1078 18 1107; x_wconf 75' lang='lat' dir='ltr'>i</span> <span class='ocrx_word' id='word_1_218' title='bbox 70 1071 250 1107; x_wconf 87' lang='lat' dir='ltr'>monstrum</span> <span class='ocrx_word' id='word_1_219' title='bbox 263 1075 297 1107; x_wconf 65' lang='grc' dir='ltr'>δέ</span> <span class='ocrx_word' id='word_1_220' title='bbox 309 1073 487 1114; x_wconf 75' lang='lat' dir='ltr'>chimaera?</span> <span class='ocrx_word' id='word_1_221' title='bbox 513 1088 588 1111; x_wconf 88' lang='lat' dir='ltr'>nam</span> <span class='ocrx_word' id='word_1_222' title='bbox 605 1079 725 1122; x_wconf 85' lang='lat' dir='ltr'>partim</span> <span class='ocrx_word' id='word_1_223' title='bbox 744 1074 881 1110; x_wconf 82' lang='lat' dir='ltr'>foemina</span> <span class='ocrx_word' id='word_1_224' title='bbox 891 1097 903 1113; x_wconf 92' lang='lat'>‚</span> <span class='ocrx_word' id='word_1_225' title='bbox 931 1075 1051 1121; x_wconf 82' lang='lat' dir='ltr'>partim</span> <span class='ocrx_word' id='word_1_226' title='bbox 1066 1076 1176 1122; x_wconf 84' lang='lat' dir='ltr'>vipera</span> <span class='ocrx_word' id='word_1_227' title='bbox 1198 1073 1257 1113; x_wconf 81' lang='lat' dir='ltr'>est.</span> <span class='ocrx_word' id='word_1_228' title='bbox 1282 1077 1354 1110; x_wconf 76' lang='lat' dir='ltr'>Aut</span> <span class='ocrx_word' id='word_1_229' title='bbox 1364 1073 1486 1109; x_wconf 67' lang='lat' dir='ltr'>Ithacus</span> <span class='ocrx_word' id='word_1_230' title='bbox 1490 1073 1552 1119; x_wconf 87' lang='lat' dir='ltr'>fias</span> <span class='ocrx_word' id='word_1_231' title='bbox 1565 1095 1575 1109; x_wconf 76' lang='lat'>.</span> <span class='ocrx_word' id='word_1_232' title='bbox 1599 1082 1655 1109; x_wconf 75' lang='lat' dir='ltr'>ant</span> <span class='ocrx_word' id='word_1_233' title='bbox 1666 1073 1760 1109; x_wconf 57' lang='lat' dir='ltr'>*Palt-</span> 
     </span>
     <span class='ocr_line' id='line_1_19' title="bbox 15 1133 243 1161; baseline 0.013 -8"><span class='ocrx_word' id='word_1_234' title='bbox 15 1138 17 1153; x_wconf 81' lang='lat'>1</span> <span class='ocrx_word' id='word_1_235' title='bbox 68 1133 243 1161; x_wconf 67' lang='lat' dir='ltr'>nuruurrs.</span> 
     </span>
    </p>
   </div>
   <div class='ocr_carea' id='block_1_3' title="bbox 189 1169 1620 1337">
    <p class='ocr_par' dir='ltr' id='par_1_3' title="bbox 0 1160 1620 1350">
     <span class='ocr_line' id='line_1_20' title="bbox 549 1169 1245 1258; baseline -0.007 -11.969"><span class='ocrx_word' id='word_1_236' title='bbox 549 1169 981 1258; x_wconf 82' lang='lat' dir='ltr'>QuAEsTro</span> <span class='ocrx_word' id='word_1_237' title='bbox 1074 1171 1245 1241; x_wconf 84' lang='lat' dir='ltr'>vm.</span> 
     </span>
     <span class='ocr_line' id='line_1_21' title="bbox 189 1256 1620 1337; baseline -0.02 1.15"><span class='ocrx_word' id='word_1_238' title='bbox 189 1258 277 1311; x_wconf 68' lang='lat' dir='ltr'>De</span> <span class='ocrx_word' id='word_1_239' title='bbox 297 1259 544 1334; x_wconf 57' lang='lat' dir='ltr'>‘ffi’ffibm</span> <span class='ocrx_word' id='word_1_240' title='bbox 556 1265 747 1317; x_wconf 74' lang='lat' dir='ltr'>Maris</span> <span class='ocrx_word' id='word_1_241' title='bbox 758 1276 832 1326; x_wconf 62' lang='lat' dir='ltr'>(T</span> <span class='ocrx_word' id='word_1_242' title='bbox 845 1258 1148 1337; x_wconf 68' lang='lat' dir='ltr'>caustzfinali</span> <span class='ocrx_word' id='word_1_243' title='bbox 1160 1275 1319 1314; x_wconf 78' lang='lat' dir='ltr'>motus</span> <span class='ocrx_word' id='word_1_244' title='bbox 1333 1262 1457 1328; x_wconf 76' lang='lat' dir='ltr'>ejus,</span> <span class='ocrx_word' id='word_1_245' title='bbox 1481 1277 1539 1311; x_wconf 76' lang='lat' dir='ltr'>ac</span> <span class='ocrx_word' id='word_1_246' title='bbox 1560 1256 1620 1309; x_wconf 88' lang='lat' dir='ltr'>de</span> 
     </span>
    </p>
   </div>
   <div class='ocr_carea' id='block_1_4' title="bbox 0 1332 1761 1550">
    <p class='ocr_par' dir='ltr' id='par_1_4' title="bbox 0 1332 1761 1550">
     <span class='ocr_line' id='line_1_22' title="bbox 16 1332 1296 1402; baseline -0.005 -12"><span class='ocrx_word' id='word_1_247' title='bbox 16 1358 19 1402; x_wconf 40' lang='grc' dir='ltr'><em>ξ</em></span> <span class='ocrx_word' id='word_1_248' title='bbox 527 1332 747 1388; x_wconf 80' lang='lat' dir='ltr'>diluviis</span> <span class='ocrx_word' id='word_1_249' title='bbox 764 1348 837 1397; x_wconf 63' lang='grc' dir='ltr'>(φ</span> <span class='ocrx_word' id='word_1_250' title='bbox 859 1333 1296 1387; x_wconf 77' lang='lat' dir='ltr'>exundationibus.</span> 
     </span>
     <span class='ocr_line' id='line_1_23' title="bbox 0 1400 1761 1550; baseline -0.003 -111"><span class='ocrx_word' id='word_1_251' title='bbox 0 1422 1 1427; x_wconf 64' lang='lat'>=</span> <span class='ocrx_word' id='word_1_252' title='bbox 67 1400 369 1550; x_wconf 78' lang='lat' dir='ltr'>Conclufio</span> <span class='ocrx_word' id='word_1_253' title='bbox 378 1408 493 1453; x_wconf 87' lang='lat' dir='ltr'>prima.</span> <span class='ocrx_word' id='word_1_254' title='bbox 525 1405 672 1448; x_wconf 81' lang='lat' dir='ltr'>Nausea,</span> <span class='ocrx_word' id='word_1_255' title='bbox 690 1421 762 1456; x_wconf 86' lang='lat' dir='ltr'>quae</span> <span class='ocrx_word' id='word_1_256' title='bbox 781 1407 1016 1455; x_wconf 83' lang='lat' dir='ltr'>navigantibus</span> <span class='ocrx_word' id='word_1_257' title='bbox 1034 1409 1204 1455; x_wconf 80' lang='lat' dir='ltr'>contingit</span> <span class='ocrx_word' id='word_1_258' title='bbox 1220 1435 1233 1454; x_wconf 82' lang='lat'><strong>‚</strong></span> <span class='ocrx_word' id='word_1_259' title='bbox 1250 1413 1395 1439; x_wconf 86' lang='lat' dir='ltr'>nontam</span> <span class='ocrx_word' id='word_1_260' title='bbox 1407 1404 1514 1437; x_wconf 90' lang='lat' dir='ltr'>oritur</span> <span class='ocrx_word' id='word_1_261' title='bbox 1525 1414 1565 1437; x_wconf 87' lang='lat' dir='ltr'>cx</span> <span class='ocrx_word' id='word_1_262' title='bbox 1574 1400 1761 1435; x_wconf 70' lang='lat' dir='ltr'>exhalatio:</span> 
     </span>
    </p>
   </div>
   <div class='ocr_carea' id='block_1_5' title="bbox 4 1449 1770 3227">
    <p class='ocr_par' dir='ltr' id='par_1_5' title="bbox 207 1449 1759 1505">
     <span class='ocr_line' id='line_1_24' title="bbox 207 1449 1759 1505; baseline -0.001 -19"><span class='ocrx_word' id='word_1_263' title='bbox 207 1452 305 1489; x_wconf 89' lang='lat' dir='ltr'>nibus</span> <span class='ocrx_word' id='word_1_264' title='bbox 315 1455 590 1492; x_wconf 63' lang='lat' dir='ltr'>ascendentibus&amp;</span> <span class='ocrx_word' id='word_1_265' title='bbox 605 1457 712 1492; x_wconf 77' lang='lat' dir='ltr'>fundo</span> <span class='ocrx_word' id='word_1_266' title='bbox 730 1461 848 1496; x_wconf 87' lang='lat' dir='ltr'>maris,</span> <span class='ocrx_word' id='word_1_267' title='bbox 872 1457 973 1505; x_wconf 71' lang='lat' dir='ltr'>quam</span> <span class='ocrx_word' id='word_1_268' title='bbox 984 1469 1023 1491; x_wconf 83' lang='lat' dir='ltr'>ex</span> <span class='ocrx_word' id='word_1_269' title='bbox 1037 1468 1131 1491; x_wconf 89' lang='lat' dir='ltr'>motu</span> <span class='ocrx_word' id='word_1_270' title='bbox 1152 1453 1325 1502; x_wconf 71' lang='lat' dir='ltr'>irregulari</span> <span class='ocrx_word' id='word_1_271' title='bbox 1340 1455 1438 1487; x_wconf 85' lang='lat' dir='ltr'>maris</span> <span class='ocrx_word' id='word_1_272' title='bbox 1448 1456 1482 1487; x_wconf 82' lang='lat'><strong>&amp;</strong></span> <span class='ocrx_word' id='word_1_273' title='bbox 1495 1449 1624 1486; x_wconf 67' lang='lat' dir='ltr'>interna</span> <span class='ocrx_word' id='word_1_274' title='bbox 1636 1450 1759 1485; x_wconf 89' lang='lat' dir='ltr'>humo-</span> 
     </span>
    </p>

    <p class='ocr_par' dir='ltr' id='par_1_6' title="bbox 206 1500 1760 1554">
     <span class='ocr_line' id='line_1_25' title="bbox 206 1500 1760 1554; baseline -0.002 -18"><span class='ocrx_word' id='word_1_275' title='bbox 206 1513 277 1537; x_wconf 86' lang='lat' dir='ltr'>rum</span> <span class='ocrx_word' id='word_1_276' title='bbox 288 1501 507 1542; x_wconf 77' lang='lat' dir='ltr'>con‘cuffione.</span> <span class='ocrx_word' id='word_1_277' title='bbox 537 1509 638 1542; x_wconf 87' lang='lat' dir='ltr'>Ratio</span> <span class='ocrx_word' id='word_1_278' title='bbox 650 1507 804 1554; x_wconf 88' lang='lat' dir='ltr'>primiest</span> <span class='ocrx_word' id='word_1_279' title='bbox 814 1530 825 1546; x_wconf 91' lang='lat'><strong>,</strong></span> <span class='ocrx_word' id='word_1_280' title='bbox 843 1509 920 1554; x_wconf 86' lang='lat' dir='ltr'>quia</span> <span class='ocrx_word' id='word_1_281' title='bbox 931 1506 1043 1541; x_wconf 86' lang='lat' dir='ltr'>sedens</span> <span class='ocrx_word' id='word_1_282' title='bbox 1053 1508 1088 1541; x_wconf 90' lang='lat' dir='ltr'>in</span> <span class='ocrx_word' id='word_1_283' title='bbox 1100 1505 1212 1540; x_wconf 86' lang='lat' dir='ltr'>littore</span> <span class='ocrx_word' id='word_1_284' title='bbox 1222 1528 1233 1543; x_wconf 91' lang='lat'><strong>,</strong></span> <span class='ocrx_word' id='word_1_285' title='bbox 1253 1501 1305 1538; x_wconf 89' lang='lat' dir='ltr'>vel</span> <span class='ocrx_word' id='word_1_286' title='bbox 1316 1500 1450 1548; x_wconf 86' lang='lat' dir='ltr'>scopulo</span> <span class='ocrx_word' id='word_1_287' title='bbox 1460 1513 1529 1535; x_wconf 83' lang='lat' dir='ltr'>non</span> <span class='ocrx_word' id='word_1_288' title='bbox 1543 1502 1665 1547; x_wconf 88' lang='lat' dir='ltr'>patitur</span> <span class='ocrx_word' id='word_1_289' title='bbox 1675 1505 1760 1534; x_wconf 50' lang='lat' dir='ltr'>naui</span> 
     </span>
    </p>

    <p class='ocr_par' dir='ltr' id='par_1_7' title="bbox 15 1547 1761 2038">
     <span class='ocr_line' id='line_1_26' title="bbox 203 1547 1758 1603; baseline -0.005 -14"><span class='ocrx_word' id='word_1_290' title='bbox 203 1548 287 1588; x_wconf 75' lang='lat' dir='ltr'>seam</span> <span class='ocrx_word' id='word_1_291' title='bbox 299 1577 310 1593; x_wconf 89' lang='lat'><strong>,</strong></span> <span class='ocrx_word' id='word_1_292' title='bbox 323 1553 398 1590; x_wconf 75' lang='lat' dir='ltr'>licet</span> <span class='ocrx_word' id='word_1_293' title='bbox 420 1557 459 1590; x_wconf 88' lang='lat' dir='ltr'>ad</span> <span class='ocrx_word' id='word_1_294' title='bbox 479 1555 585 1603; x_wconf 87' lang='lat' dir='ltr'>ipsum</span> <span class='ocrx_word' id='word_1_295' title='bbox 600 1553 792 1603; x_wconf 87' lang='lat' dir='ltr'>perveniant</span> <span class='ocrx_word' id='word_1_296' title='bbox 804 1555 1052 1594; x_wconf 79' lang='lat' dir='ltr'>exhalationes:</span> <span class='ocrx_word' id='word_1_297' title='bbox 1091 1554 1233 1589; x_wconf 69' lang='lat' dir='ltr'>secundo</span> <span class='ocrx_word' id='word_1_298' title='bbox 1245 1576 1254 1591; x_wconf 83' lang='lat'>,</span> <span class='ocrx_word' id='word_1_299' title='bbox 1276 1550 1418 1586; x_wconf 86' lang='lat' dir='ltr'>firnilem</span> <span class='ocrx_word' id='word_1_300' title='bbox 1441 1549 1594 1584; x_wconf 79' lang='lat' dir='ltr'>nauseam</span> <span class='ocrx_word' id='word_1_301' title='bbox 1611 1547 1758 1583; x_wconf 86' lang='lat' dir='ltr'>sentiunt</span> 
     </span>
     <span class='ocr_line' id='line_1_27' title="bbox 64 1598 1760 1653; baseline 0.003 -21"><span class='ocrx_word' id='word_1_302' title='bbox 64 1598 162 1634; x_wconf 87' lang='lat' dir='ltr'>multi</span> <span class='ocrx_word' id='word_1_303' title='bbox 174 1603 272 1636; x_wconf 85' lang='lat' dir='ltr'>etiam</span> <span class='ocrx_word' id='word_1_304' title='bbox 285 1615 325 1638; x_wconf 86' lang='lat' dir='ltr'>ex</span> <span class='ocrx_word' id='word_1_305' title='bbox 334 1615 427 1639; x_wconf 84' lang='lat' dir='ltr'>motu</span> <span class='ocrx_word' id='word_1_306' title='bbox 437 1617 551 1640; x_wconf 87' lang='lat' dir='ltr'>currus</span> <span class='ocrx_word' id='word_1_307' title='bbox 564 1629 574 1644; x_wconf 87' lang='lat'>‚</span> <span class='ocrx_word' id='word_1_308' title='bbox 596 1605 737 1653; x_wconf 83' lang='lat' dir='ltr'>aliisque</span> <span class='ocrx_word' id='word_1_309' title='bbox 749 1606 907 1643; x_wconf 82' lang='lat' dir='ltr'>motibus,</span> <span class='ocrx_word' id='word_1_310' title='bbox 934 1607 1035 1641; x_wconf 82' lang='lat' dir='ltr'>Ratio</span> <span class='ocrx_word' id='word_1_311' title='bbox 1044 1603 1177 1639; x_wconf 88' lang='lat' dir='ltr'>secundi</span> <span class='ocrx_word' id='word_1_312' title='bbox 1188 1626 1199 1641; x_wconf 83' lang='lat'><em>‚</em></span> <span class='ocrx_word' id='word_1_313' title='bbox 1224 1611 1300 1636; x_wconf 78' lang='lat' dir='ltr'>nam</span> <span class='ocrx_word' id='word_1_314' title='bbox 1312 1599 1369 1634; x_wconf 54' lang='lat' dir='ltr'>ill&amp;</span> <span class='ocrx_word' id='word_1_315' title='bbox 1380 1600 1558 1646; x_wconf 86' lang='lat' dir='ltr'>agitatione</span> <span class='ocrx_word' id='word_1_316' title='bbox 1568 1622 1578 1637; x_wconf 73' lang='grc' dir='ltr'><strong>ι</strong></span> <span class='ocrx_word' id='word_1_317' title='bbox 1592 1598 1673 1632; x_wconf 78' lang='lat' dir='ltr'>dum</span> <span class='ocrx_word' id='word_1_318' title='bbox 1685 1609 1760 1631; x_wconf 75' lang='lat'>¹1²0·</span> 
     </span>
     <span class='ocr_line' id='line_1_28' title="bbox 17 1648 1761 1703; baseline -0.005 -16"><span class='ocrx_word' id='word_1_319' title='bbox 17 1677 19 1681; x_wconf 64' lang='lat'><em>.</em></span> <span class='ocrx_word' id='word_1_320' title='bbox 62 1660 157 1684; x_wconf 89' lang='lat' dir='ltr'>vetur</span> <span class='ocrx_word' id='word_1_321' title='bbox 167 1651 266 1685; x_wconf 87' lang='lat' dir='ltr'>etiam</span> <span class='ocrx_word' id='word_1_322' title='bbox 277 1654 479 1689; x_wconf 86' lang='lat' dir='ltr'>ventriculus</span> <span class='ocrx_word' id='word_1_323' title='bbox 488 1681 502 1702; x_wconf 85' lang='lat'>‚</span> <span class='ocrx_word' id='word_1_324' title='bbox 522 1654 614 1690; x_wconf 88' lang='lat' dir='ltr'>cibus</span> <span class='ocrx_word' id='word_1_325' title='bbox 627 1659 661 1690; x_wconf 75' lang='grc' dir='ltr'>δε</span> <span class='ocrx_word' id='word_1_326' title='bbox 673 1655 829 1690; x_wconf 87' lang='lat' dir='ltr'>humores</span> <span class='ocrx_word' id='word_1_327' title='bbox 845 1657 1051 1703; x_wconf 82' lang='lat' dir='ltr'>regurgitant</span> <span class='ocrx_word' id='word_1_328' title='bbox 1060 1654 1101 1687; x_wconf 88' lang='lat' dir='ltr'>ad</span> <span class='ocrx_word' id='word_1_329' title='bbox 1113 1664 1151 1688; x_wconf 89' lang='lat' dir='ltr'>os</span> <span class='ocrx_word' id='word_1_330' title='bbox 1165 1648 1341 1687; x_wconf 88' lang='lat' dir='ltr'>ventriculi</span> <span class='ocrx_word' id='word_1_331' title='bbox 1354 1671 1365 1687; x_wconf 88' lang='lat'><strong>,</strong></span> <span class='ocrx_word' id='word_1_332' title='bbox 1387 1660 1422 1681; x_wconf 92' lang='lat' dir='ltr'>ac</span> <span class='ocrx_word' id='word_1_333' title='bbox 1435 1648 1588 1682; x_wconf 87' lang='lat' dir='ltr'>nauieam</span> <span class='ocrx_word' id='word_1_334' title='bbox 1600 1650 1634 1682; x_wconf 75' lang='grc' dir='ltr'>δε</span> <span class='ocrx_word' id='word_1_335' title='bbox 1649 1648 1761 1681; x_wconf 58' lang='lat' dir='ltr'>vomia</span> 
     </span>
     <span class='ocr_line' id='line_1_29' title="bbox 17 1695 1760 1752; baseline -0.003 -17"><span class='ocrx_word' id='word_1_336' title='bbox 17 1696 19 1715; x_wconf 67' lang='lat'>³</span> <span class='ocrx_word' id='word_1_337' title='bbox 62 1708 133 1733; x_wconf 82' lang='lat' dir='ltr'>tum</span> <span class='ocrx_word' id='word_1_338' title='bbox 145 1711 352 1752; x_wconf 75' lang='lat' dir='ltr'>provocant3</span> <span class='ocrx_word' id='word_1_339' title='bbox 377 1704 452 1738; x_wconf 86' lang='lat' dir='ltr'>ideo</span> <span class='ocrx_word' id='word_1_340' title='bbox 462 1704 532 1752; x_wconf 67' lang='lat' dir='ltr'>quo</span> <span class='ocrx_word' id='word_1_341' title='bbox 546 1706 648 1752; x_wconf 82' lang='lat' dir='ltr'>magis</span> <span class='ocrx_word' id='word_1_342' title='bbox 661 1704 706 1738; x_wconf 87' lang='lat' dir='ltr'>est</span> <span class='ocrx_word' id='word_1_343' title='bbox 723 1704 913 1751; x_wconf 86' lang='lat' dir='ltr'>irregularis</span> <span class='ocrx_word' id='word_1_344' title='bbox 927 1702 1063 1750; x_wconf 79' lang='lat' dir='ltr'>agitatio</span> <span class='ocrx_word' id='word_1_345' title='bbox 1079 1727 1088 1741; x_wconf 86' lang='lat'><strong>‚</strong></span> <span class='ocrx_word' id='word_1_346' title='bbox 1107 1701 1148 1736; x_wconf 68' lang='lat' dir='ltr'>eo</span> <span class='ocrx_word' id='word_1_347' title='bbox 1165 1698 1270 1746; x_wconf 72' lang='lat' dir='ltr'>maj&#39;or</span> <span class='ocrx_word' id='word_1_348' title='bbox 1281 1698 1328 1733; x_wconf 83' lang='lat' dir='ltr'>est</span> <span class='ocrx_word' id='word_1_349' title='bbox 1345 1698 1565 1744; x_wconf 80' lang='lat' dir='ltr'>regurgitatio</span> <span class='ocrx_word' id='word_1_350' title='bbox 1581 1700 1616 1731; x_wconf 71' lang='grc' dir='ltr'>δε</span> <span class='ocrx_word' id='word_1_351' title='bbox 1628 1695 1760 1735; x_wconf 71' lang='lat' dir='ltr'>nausea,</span> 
     </span>
     <span class='ocr_line' id='line_1_30' title="bbox 16 1742 1759 1800; baseline -0.004 -16"><span class='ocrx_word' id='word_1_352' title='bbox 16 1756 18 1758; x_wconf 81' lang='grc'>’</span> <span class='ocrx_word' id='word_1_353' title='bbox 56 1750 145 1782; x_wconf 72' lang='lat' dir='ltr'>Sicut</span> <span class='ocrx_word' id='word_1_354' title='bbox 157 1750 238 1784; x_wconf 74' lang='lat' dir='ltr'>vero</span> <span class='ocrx_word' id='word_1_355' title='bbox 247 1755 475 1800; x_wconf 86' lang='lat' dir='ltr'>aquaincyato</span> <span class='ocrx_word' id='word_1_356' title='bbox 485 1777 496 1792; x_wconf 91' lang='lat'>,</span> <span class='ocrx_word' id='word_1_357' title='bbox 514 1753 589 1788; x_wconf 71' lang='lat' dir='ltr'>cum</span> <span class='ocrx_word' id='word_1_358' title='bbox 602 1765 756 1788; x_wconf 88' lang='lat' dir='ltr'>movetur</span> <span class='ocrx_word' id='word_1_359' title='bbox 768 1753 975 1800; x_wconf 85' lang='lat' dir='ltr'>regulariter,</span> <span class='ocrx_word' id='word_1_360' title='bbox 1001 1751 1118 1799; x_wconf 71' lang='lat' dir='ltr'>parum</span> <span class='ocrx_word' id='word_1_361' title='bbox 1135 1750 1335 1798; x_wconf 68' lang='lat' dir='ltr'>rer-gurgitat,</span> <span class='ocrx_word' id='word_1_362' title='bbox 1362 1745 1414 1780; x_wconf 81' lang='lat' dir='ltr'>sed</span> <span class='ocrx_word' id='word_1_363' title='bbox 1427 1747 1501 1780; x_wconf 70' lang='lat' dir='ltr'>cum</span> <span class='ocrx_word' id='word_1_364' title='bbox 1514 1747 1650 1791; x_wconf 81' lang='lat' dir='ltr'>cyathus</span> <span class='ocrx_word' id='word_1_365' title='bbox 1664 1742 1759 1800; x_wconf 75' lang='lat' dir='ltr'>quas-</span> 
     </span>
     <span class='ocr_line' id='line_1_31' title="bbox 59 1792 1759 1851; baseline 0.001 -21"><span class='ocrx_word' id='word_1_366' title='bbox 59 1796 145 1832; x_wconf 85' lang='lat' dir='ltr'>satur</span> <span class='ocrx_word' id='word_1_367' title='bbox 157 1799 379 1847; x_wconf 81' lang='lat' dir='ltr'>irregulariter</span> <span class='ocrx_word' id='word_1_368' title='bbox 390 1826 400 1841; x_wconf 96' lang='lat'>,</span> <span class='ocrx_word' id='word_1_369' title='bbox 419 1815 503 1851; x_wconf 87' lang='lat' dir='ltr'>aqua</span> <span class='ocrx_word' id='word_1_370' title='bbox 513 1803 606 1837; x_wconf 83' lang='lat' dir='ltr'>valde</span> <span class='ocrx_word' id='word_1_371' title='bbox 615 1805 798 1850; x_wconf 80' lang='lat' dir='ltr'>regurgitat</span> <span class='ocrx_word' id='word_1_372' title='bbox 808 1827 821 1848; x_wconf 91' lang='lat'>,</span> <span class='ocrx_word' id='word_1_373' title='bbox 849 1802 889 1836; x_wconf 86' lang='lat' dir='ltr'>fic</span> <span class='ocrx_word' id='word_1_374' title='bbox 899 1804 1065 1848; x_wconf 86' lang='lat' dir='ltr'>contingit</span> <span class='ocrx_word' id='word_1_375' title='bbox 1083 1805 1118 1835; x_wconf 89' lang='lat' dir='ltr'>in</span> <span class='ocrx_word' id='word_1_376' title='bbox 1127 1804 1199 1834; x_wconf 85' lang='lat' dir='ltr'>caiu</span> <span class='ocrx_word' id='word_1_377' title='bbox 1209 1797 1336 1833; x_wconf 78' lang='lat' dir='ltr'>nostre.</span> <span class='ocrx_word' id='word_1_378' title='bbox 1414 1792 1595 1829; x_wconf 79' lang='lat' dir='ltr'>Praesetrim</span> <span class='ocrx_word' id='word_1_379' title='bbox 1614 1793 1694 1827; x_wconf 63' lang='lat' dir='ltr'>verb</span> <span class='ocrx_word' id='word_1_380' title='bbox 1705 1792 1759 1826; x_wconf 66' lang='lat' dir='ltr'>bl«</span> 
     </span>
     <span class='ocr_line' id='line_1_32' title="bbox 15 1840 1757 1898; baseline 0 -17"><span class='ocrx_word' id='word_1_381' title='bbox 15 1841 20 1882; x_wconf 60' lang='grc' dir='ltr'><strong>ἶ</strong></span> <span class='ocrx_word' id='word_1_382' title='bbox 60 1846 133 1881; x_wconf 81' lang='lat' dir='ltr'>liofi</span> <span class='ocrx_word' id='word_1_383' title='bbox 145 1849 300 1884; x_wconf 87' lang='lat' dir='ltr'>humores</span> <span class='ocrx_word' id='word_1_384' title='bbox 313 1856 472 1887; x_wconf 88' lang='lat' dir='ltr'>commoti</span> <span class='ocrx_word' id='word_1_385' title='bbox 483 1864 519 1887; x_wconf 85' lang='lat' dir='ltr'>os</span> <span class='ocrx_word' id='word_1_386' title='bbox 533 1851 709 1887; x_wconf 84' lang='lat' dir='ltr'>ventriculi</span> <span class='ocrx_word' id='word_1_387' title='bbox 721 1853 948 1898; x_wconf 68' lang='lat' dir='ltr'>exasperantes</span> <span class='ocrx_word' id='word_1_388' title='bbox 966 1849 1117 1884; x_wconf 84' lang='lat' dir='ltr'>nauseam</span> <span class='ocrx_word' id='word_1_389' title='bbox 1134 1858 1258 1883; x_wconf 83' lang='lat' dir='ltr'>creant.</span> <span class='ocrx_word' id='word_1_390' title='bbox 1289 1847 1388 1880; x_wconf 69' lang='lat' dir='ltr'>Hanc</span> <span class='ocrx_word' id='word_1_391' title='bbox 1400 1844 1617 1887; x_wconf 83' lang='lat' dir='ltr'>tamenjejuni</span> <span class='ocrx_word' id='word_1_392' title='bbox 1627 1840 1757 1876; x_wconf 62' lang='lat' dir='ltr'>facilffis</span> 
     </span>
     <span class='ocr_line' id='line_1_33' title="bbox 61 1891 1757 1948; baseline -0.009 -9.379"><span class='ocrx_word' id='word_1_393' title='bbox 61 1900 248 1943; x_wconf 82' lang='lat' dir='ltr'>patiuntur,</span> <span class='ocrx_word' id='word_1_394' title='bbox 275 1899 460 1935; x_wconf 85' lang='lat' dir='ltr'>stomachus</span> <span class='ocrx_word' id='word_1_395' title='bbox 477 1904 566 1935; x_wconf 87' lang='lat' dir='ltr'>enirn</span> <span class='ocrx_word' id='word_1_396' title='bbox 576 1900 646 1948; x_wconf 70' lang='lat' dir='ltr'>quo</span> <span class='ocrx_word' id='word_1_397' title='bbox 662 1903 811 1940; x_wconf 85' lang='lat' dir='ltr'>inanior,</span> <span class='ocrx_word' id='word_1_398' title='bbox 833 1900 927 1934; x_wconf 74' lang='lat' dir='ltr'>tanto</span> <span class='ocrx_word' id='word_1_399' title='bbox 940 1899 1014 1946; x_wconf 87' lang='lat' dir='ltr'>plus</span> <span class='ocrx_word' id='word_1_400' title='bbox 1029 1901 1210 1945; x_wconf 79' lang='lat' dir='ltr'>agitatione</span> <span class='ocrx_word' id='word_1_401' title='bbox 1223 1894 1391 1929; x_wconf 86' lang='lat' dir='ltr'>obnoxius</span> <span class='ocrx_word' id='word_1_402' title='bbox 1403 1892 1460 1930; x_wconf 89' lang='lat' dir='ltr'>est,</span> <span class='ocrx_word' id='word_1_403' title='bbox 1470 1891 1757 1938; x_wconf 82' lang='lat' dir='ltr'>quemadmodum</span> 
     </span>
     <span class='ocr_line' id='line_1_34' title="bbox 17 1940 1760 1999; baseline -0.005 -18"><span class='ocrx_word' id='word_1_404' title='bbox 17 1950 19 1991; x_wconf 60' lang='grc' dir='ltr'>ξ</span> <span class='ocrx_word' id='word_1_405' title='bbox 59 1947 220 1992; x_wconf 85' lang='lat' dir='ltr'>amphora</span> <span class='ocrx_word' id='word_1_406' title='bbox 233 1946 328 1994; x_wconf 88' lang='lat' dir='ltr'>plena</span> <span class='ocrx_word' id='word_1_407' title='bbox 339 1952 449 1984; x_wconf 79' lang='lat' dir='ltr'>minus</span> <span class='ocrx_word' id='word_1_408' title='bbox 458 1952 599 1999; x_wconf 81' lang='lat' dir='ltr'>agitatur</span> <span class='ocrx_word' id='word_1_409' title='bbox 609 1972 618 1987; x_wconf 83' lang='lat'><strong><em>‚</em></strong></span> <span class='ocrx_word' id='word_1_410' title='bbox 640 1950 740 1995; x_wconf 73' lang='lat' dir='ltr'>quam</span> <span class='ocrx_word' id='word_1_411' title='bbox 754 1948 942 1996; x_wconf 86' lang='lat' dir='ltr'>semiplena.</span> <span class='ocrx_word' id='word_1_412' title='bbox 968 1949 1072 1982; x_wconf 74' lang='lat' dir='ltr'>Porro</span> <span class='ocrx_word' id='word_1_413' title='bbox 1086 1971 1097 1988; x_wconf 91' lang='lat'>,</span> <span class='ocrx_word' id='word_1_414' title='bbox 1124 1947 1216 1994; x_wconf 74' lang='lat' dir='ltr'>quod</span> <span class='ocrx_word' id='word_1_415' title='bbox 1226 1956 1295 1979; x_wconf 91' lang='lat' dir='ltr'>non</span> <span class='ocrx_word' id='word_1_416' title='bbox 1304 1953 1422 1977; x_wconf 87' lang='lat' dir='ltr'>ornnes</span> <span class='ocrx_word' id='word_1_417' title='bbox 1432 1940 1574 1975; x_wconf 83' lang='lat' dir='ltr'>sentiant</span> <span class='ocrx_word' id='word_1_418' title='bbox 1583 1942 1736 1975; x_wconf 75' lang='lat' dir='ltr'>nauseam</span> <span class='ocrx_word' id='word_1_419' title='bbox 1747 1962 1760 1978; x_wconf 86' lang='lat'><em>‚</em></span> 
     </span>
     <span class='ocr_line' id='line_1_35' title="bbox 18 1995 1024 2038; baseline 0 -8"><span class='ocrx_word' id='word_1_420' title='bbox 18 1998 19 2007; x_wconf 65' lang='lat'>¹</span> <span class='ocrx_word' id='word_1_421' title='bbox 60 2000 168 2031; x_wconf 85' lang='lat' dir='ltr'>oritur</span> <span class='ocrx_word' id='word_1_422' title='bbox 182 2009 222 2030; x_wconf 85' lang='lat' dir='ltr'>ex</span> <span class='ocrx_word' id='word_1_423' title='bbox 235 1996 360 2032; x_wconf 83' lang='lat' dir='ltr'>diversa</span> <span class='ocrx_word' id='word_1_424' title='bbox 380 1997 556 2034; x_wconf 69' lang='lat' dir='ltr'>affeetione</span> <span class='ocrx_word' id='word_1_425' title='bbox 569 1998 727 2032; x_wconf 83' lang='lat' dir='ltr'>stomachi</span> <span class='ocrx_word' id='word_1_426' title='bbox 744 2022 754 2038; x_wconf 88' lang='lat'>‚</span> <span class='ocrx_word' id='word_1_427' title='bbox 779 2010 817 2032; x_wconf 90' lang='lat' dir='ltr'>ac</span> <span class='ocrx_word' id='word_1_428' title='bbox 835 1995 1024 2034; x_wconf 78' lang='lat' dir='ltr'>ventriculi.</span> 
     </span>
    </p>

    <p class='ocr_par' dir='ltr' id='par_1_8' title="bbox 8 2037 1759 2244">
     <span class='ocr_line' id='line_1_36' title="bbox 157 2037 1758 2094; baseline -0.006 -14"><span class='ocrx_word' id='word_1_429' title='bbox 157 2048 245 2080; x_wconf 88' lang='lat' dir='ltr'>Huic</span> <span class='ocrx_word' id='word_1_430' title='bbox 256 2045 389 2082; x_wconf 62' lang='lat' dir='ltr'>effi-:etur</span> <span class='ocrx_word' id='word_1_431' title='bbox 403 2049 613 2083; x_wconf 84' lang='lat' dir='ltr'>annumerari</span> <span class='ocrx_word' id='word_1_432' title='bbox 631 2045 763 2094; x_wconf 71' lang='lat' dir='ltr'>potsunt</span> <span class='ocrx_word' id='word_1_433' title='bbox 781 2046 972 2093; x_wconf 79' lang='lat' dir='ltr'>sequentes3</span> <span class='ocrx_word' id='word_1_434' title='bbox 998 2043 1128 2093; x_wconf 72' lang='lat' dir='ltr'>primo:</span> <span class='ocrx_word' id='word_1_435' title='bbox 1147 2043 1273 2078; x_wconf 86' lang='lat' dir='ltr'>inmari</span> <span class='ocrx_word' id='word_1_436' title='bbox 1285 2039 1450 2075; x_wconf 83' lang='lat' dir='ltr'>edaciores</span> <span class='ocrx_word' id='word_1_437' title='bbox 1469 2037 1554 2073; x_wconf 89' lang='lat' dir='ltr'>fiunt</span> <span class='ocrx_word' id='word_1_438' title='bbox 1565 2040 1758 2086; x_wconf 83' lang='lat' dir='ltr'>navigantes</span> 
     </span>
     <span class='ocr_line' id='line_1_37' title="bbox 62 2085 1757 2145; baseline -0.005 -14"><span class='ocrx_word' id='word_1_439' title='bbox 62 2107 194 2143; x_wconf 87' lang='lat' dir='ltr'>propter</span> <span class='ocrx_word' id='word_1_440' title='bbox 209 2095 382 2142; x_wconf 85' lang='lat' dir='ltr'>spirituum</span> <span class='ocrx_word' id='word_1_441' title='bbox 397 2100 601 2132; x_wconf 88' lang='lat' dir='ltr'>marinorum</span> <span class='ocrx_word' id='word_1_442' title='bbox 612 2095 756 2131; x_wconf 86' lang='lat' dir='ltr'>calorem</span> <span class='ocrx_word' id='word_1_443' title='bbox 775 2100 809 2131; x_wconf 90' lang='lat'><strong>&amp;</strong></span> <span class='ocrx_word' id='word_1_444' title='bbox 823 2095 1010 2130; x_wconf 82' lang='lat' dir='ltr'>ficcitatem.</span> <span class='ocrx_word' id='word_1_445' title='bbox 1036 2093 1188 2129; x_wconf 73' lang='lat' dir='ltr'>Secundo</span> <span class='ocrx_word' id='word_1_446' title='bbox 1197 2102 1310 2126; x_wconf 88' lang='lat' dir='ltr'>contra</span> <span class='ocrx_word' id='word_1_447' title='bbox 1319 2089 1466 2124; x_wconf 88' lang='lat' dir='ltr'>morsum</span> <span class='ocrx_word' id='word_1_448' title='bbox 1477 2087 1582 2123; x_wconf 86' lang='lat' dir='ltr'>rabidi</span> <span class='ocrx_word' id='word_1_449' title='bbox 1594 2091 1682 2145; x_wconf 78' lang='lat' dir='ltr'>canis</span> <span class='ocrx_word' id='word_1_450' title='bbox 1692 2085 1757 2122; x_wconf 85' lang='lat' dir='ltr'>fet·</span> 
     </span>
     <span class='ocr_line' id='line_1_38' title="bbox 64 2136 1758 2193; baseline -0.005 -15"><span class='ocrx_word' id='word_1_451' title='bbox 64 2158 117 2180; x_wconf 87' lang='lat' dir='ltr'>rur</span> <span class='ocrx_word' id='word_1_452' title='bbox 129 2146 264 2190; x_wconf 69' lang='lat' dir='ltr'>praeiens</span> <span class='ocrx_word' id='word_1_453' title='bbox 278 2147 459 2182; x_wconf 84' lang='lat' dir='ltr'>remedium</span> <span class='ocrx_word' id='word_1_454' title='bbox 478 2146 542 2182; x_wconf 78' lang='lat' dir='ltr'>effe</span> <span class='ocrx_word' id='word_1_455' title='bbox 558 2158 642 2193; x_wconf 86' lang='lat' dir='ltr'>aqua</span> <span class='ocrx_word' id='word_1_456' title='bbox 656 2148 803 2192; x_wconf 84' lang='lat' dir='ltr'>marina,</span> <span class='ocrx_word' id='word_1_457' title='bbox 830 2144 910 2180; x_wconf 82' lang='lat' dir='ltr'>ficut</span> <span class='ocrx_word' id='word_1_458' title='bbox 927 2148 961 2179; x_wconf 91' lang='lat'>&amp;</span> <span class='ocrx_word' id='word_1_459' title='bbox 973 2144 1012 2178; x_wconf 87' lang='lat' dir='ltr'>ad</span> <span class='ocrx_word' id='word_1_460' title='bbox 1025 2143 1194 2190; x_wconf 87' lang='lat' dir='ltr'>purganda</span> <span class='ocrx_word' id='word_1_461' title='bbox 1211 2151 1369 2187; x_wconf 86' lang='lat' dir='ltr'>corpora,</span> <span class='ocrx_word' id='word_1_462' title='bbox 1389 2137 1488 2171; x_wconf 86' lang='lat' dir='ltr'>bilem</span> <span class='ocrx_word' id='word_1_463' title='bbox 1502 2141 1536 2172; x_wconf 63' lang='grc' dir='ltr'>δι’</span> <span class='ocrx_word' id='word_1_464' title='bbox 1548 2136 1758 2184; x_wconf 81' lang='lat' dir='ltr'>sanguinem.</span> 
     </span>
     <span class='ocr_line' id='line_1_39' title="bbox 8 2183 1759 2244; baseline -0.006 -14"><span class='ocrx_word' id='word_1_465' title='bbox 8 2197 20 2233; x_wconf 51' lang='grc' dir='ltr'>Ξ,</span> <span class='ocrx_word' id='word_1_466' title='bbox 62 2194 192 2233; x_wconf 71' lang='lat' dir='ltr'>Tertio,</span> <span class='ocrx_word' id='word_1_467' title='bbox 202 2194 300 2229; x_wconf 87' lang='lat' dir='ltr'>habet</span> <span class='ocrx_word' id='word_1_468' title='bbox 311 2198 378 2230; x_wconf 88' lang='lat' dir='ltr'>vim</span> <span class='ocrx_word' id='word_1_469' title='bbox 391 2196 758 2244; x_wconf 81' lang='lat' dir='ltr'>segregandi‚quatenus</span> <span class='ocrx_word' id='word_1_470' title='bbox 769 2207 819 2229; x_wconf 91' lang='lat' dir='ltr'>res</span> <span class='ocrx_word' id='word_1_471' title='bbox 832 2192 1019 2241; x_wconf 85' lang='lat' dir='ltr'>naufragas,</span> <span class='ocrx_word' id='word_1_472' title='bbox 1028 2197 1063 2227; x_wconf 72' lang='grc' dir='ltr'>δε</span> <span class='ocrx_word' id='word_1_473' title='bbox 1079 2193 1232 2226; x_wconf 88' lang='lat' dir='ltr'>cadavera</span> <span class='ocrx_word' id='word_1_474' title='bbox 1243 2189 1369 2224; x_wconf 62' lang='lat' dir='ltr'>erudiat</span> <span class='ocrx_word' id='word_1_475' title='bbox 1380 2187 1418 2220; x_wconf 85' lang='lat' dir='ltr'>ad</span> <span class='ocrx_word' id='word_1_476' title='bbox 1429 2186 1521 2220; x_wconf 86' lang='lat' dir='ltr'>littus</span> <span class='ocrx_word' id='word_1_477' title='bbox 1532 2196 1543 2231; x_wconf 69' lang='grc' dir='ltr'><strong>ς</strong></span> <span class='ocrx_word' id='word_1_478' title='bbox 1555 2185 1620 2221; x_wconf 84' lang='lat' dir='ltr'>five</span> <span class='ocrx_word' id='word_1_479' title='bbox 1633 2187 1694 2220; x_wconf 88' lang='lat' dir='ltr'>hoc</span> <span class='ocrx_word' id='word_1_480' title='bbox 1707 2183 1759 2218; x_wconf 90' lang='lat' dir='ltr'>fa-</span> 
     </span>
    </p>

    <p class='ocr_par' dir='ltr' id='par_1_9' title="bbox 4 2234 1770 3130">
     <span class='ocr_line' id='line_1_40' title="bbox 19 2234 1758 2293; baseline -0.007 -13"><span class='ocrx_word' id='word_1_481' title='bbox 19 2255 20 2272; x_wconf 71' lang='lat'>1</span> <span class='ocrx_word' id='word_1_482' title='bbox 66 2248 128 2280; x_wconf 74' lang='lat' dir='ltr'>ciat</span> <span class='ocrx_word' id='word_1_483' title='bbox 139 2248 267 2291; x_wconf 85' lang='lat' dir='ltr'>pervim</span> <span class='ocrx_word' id='word_1_484' title='bbox 279 2245 444 2292; x_wconf 86' lang='lat' dir='ltr'>quandam</span> <span class='ocrx_word' id='word_1_485' title='bbox 455 2245 672 2293; x_wconf 85' lang='lat' dir='ltr'>expultricem</span> <span class='ocrx_word' id='word_1_486' title='bbox 687 2253 700 2292; x_wconf 64' lang='grc' dir='ltr'><strong>ς</strong></span> <span class='ocrx_word' id='word_1_487' title='bbox 727 2242 792 2279; x_wconf 87' lang='lat' dir='ltr'>five</span> <span class='ocrx_word' id='word_1_488' title='bbox 811 2256 866 2290; x_wconf 87' lang='lat' dir='ltr'>per</span> <span class='ocrx_word' id='word_1_489' title='bbox 876 2245 944 2278; x_wconf 88' lang='lat' dir='ltr'>vim</span> <span class='ocrx_word' id='word_1_490' title='bbox 953 2244 1123 2278; x_wconf 82' lang='lat' dir='ltr'>continuae</span> <span class='ocrx_word' id='word_1_491' title='bbox 1130 2239 1320 2288; x_wconf 85' lang='lat' dir='ltr'>agitationis</span> <span class='ocrx_word' id='word_1_492' title='bbox 1372 2247 1428 2283; x_wconf 90' lang='lat' dir='ltr'>pet</span> <span class='ocrx_word' id='word_1_493' title='bbox 1437 2247 1536 2281; x_wconf 84' lang='lat' dir='ltr'>quam</span> <span class='ocrx_word' id='word_1_494' title='bbox 1547 2234 1708 2283; x_wconf 72' lang='lat' dir='ltr'>naufraga</span> <span class='ocrx_word' id='word_1_495' title='bbox 1717 2234 1758 2268; x_wconf 88' lang='lat' dir='ltr'>ad</span> 
     </span>
     <span class='ocr_line' id='line_1_41' title="bbox 4 2283 1757 2342; baseline -0.006 -14"><span class='ocrx_word' id='word_1_496' title='bbox 4 2291 21 2335; x_wconf 16' lang='lat' dir='ltr'>&#39;r</span> <span class='ocrx_word' id='word_1_497' title='bbox 69 2294 161 2328; x_wconf 88' lang='lat' dir='ltr'>littus</span> <span class='ocrx_word' id='word_1_498' title='bbox 172 2293 321 2332; x_wconf 84' lang='lat' dir='ltr'>deducat,</span> <span class='ocrx_word' id='word_1_499' title='bbox 340 2293 456 2342; x_wconf 82' lang='lat' dir='ltr'>ibique</span> <span class='ocrx_word' id='word_1_500' title='bbox 471 2296 624 2330; x_wconf 87' lang='lat' dir='ltr'>destituat</span> <span class='ocrx_word' id='word_1_501' title='bbox 639 2303 651 2341; x_wconf 79' lang='lat'>3</span> <span class='ocrx_word' id='word_1_502' title='bbox 667 2293 809 2341; x_wconf 71' lang='lat' dir='ltr'>eoquod</span> <span class='ocrx_word' id='word_1_503' title='bbox 828 2295 941 2339; x_wconf 86' lang='lat' dir='ltr'>majori</span> <span class='ocrx_word' id='word_1_504' title='bbox 959 2295 1089 2338; x_wconf 86' lang='lat' dir='ltr'>impetu</span> <span class='ocrx_word' id='word_1_505' title='bbox 1108 2291 1244 2324; x_wconf 88' lang='lat' dir='ltr'>inlittus</span> <span class='ocrx_word' id='word_1_506' title='bbox 1260 2286 1348 2323; x_wconf 89' lang='lat' dir='ltr'>unda</span> <span class='ocrx_word' id='word_1_507' title='bbox 1358 2283 1503 2333; x_wconf 81' lang='lat' dir='ltr'>appellat</span> <span class='ocrx_word' id='word_1_508' title='bbox 1518 2284 1618 2330; x_wconf 68' lang='lat' dir='ltr'>quam</span> <span class='ocrx_word' id='word_1_509' title='bbox 1634 2286 1757 2321; x_wconf 85' lang='lat' dir='ltr'>redeat.</span> 
     </span>
     <span class='ocr_line' id='line_1_42' title="bbox 19 2333 1765 2392; baseline -0.009 -11"><span class='ocrx_word' id='word_1_510' title='bbox 19 2352 22 2369; x_wconf 72' lang='lat'><em>²</em></span> <span class='ocrx_word' id='word_1_511' title='bbox 69 2340 222 2387; x_wconf 71' lang='lat' dir='ltr'>Qartb:</span> <span class='ocrx_word' id='word_1_512' title='bbox 243 2346 489 2389; x_wconf 83' lang='lat' dir='ltr'>reperiuntutin</span> <span class='ocrx_word' id='word_1_513' title='bbox 502 2344 699 2392; x_wconf 87' lang='lat' dir='ltr'>quibusdam</span> <span class='ocrx_word' id='word_1_514' title='bbox 710 2342 854 2378; x_wconf 89' lang='lat' dir='ltr'>maribus</span> <span class='ocrx_word' id='word_1_515' title='bbox 863 2345 997 2389; x_wconf 65' lang='lat' dir='ltr'>integrat</span> <span class='ocrx_word' id='word_1_516' title='bbox 1006 2340 1098 2387; x_wconf 80' lang='lat' dir='ltr'>iylvae</span> <span class='ocrx_word' id='word_1_517' title='bbox 1107 2339 1278 2374; x_wconf 69' lang='lat' dir='ltr'>coralinae,</span> <span class='ocrx_word' id='word_1_518' title='bbox 1299 2346 1335 2371; x_wconf 92' lang='lat' dir='ltr'>ut</span> <span class='ocrx_word' id='word_1_519' title='bbox 1343 2333 1443 2370; x_wconf 86' lang='lat' dir='ltr'>refert</span> <span class='ocrx_word' id='word_1_520' title='bbox 1455 2334 1631 2368; x_wconf 89' lang='lat' dir='ltr'>Kircherus</span> <span class='ocrx_word' id='word_1_521' title='bbox 1641 2333 1765 2372; x_wconf 71' lang='lat' dir='ltr'>Mund.</span> 
     </span>
     <span class='ocr_line' id='line_1_43' title="bbox 19 2382 1764 2441; baseline -0.009 -11"><span class='ocrx_word' id='word_1_522' title='bbox 19 2411 21 2417; x_wconf 27' lang='lat' dir='ltr'>t</span> <span class='ocrx_word' id='word_1_523' title='bbox 68 2389 184 2427; x_wconf 89' lang='lat' dir='ltr'>subt.l.</span> <span class='ocrx_word' id='word_1_524' title='bbox 197 2400 270 2428; x_wconf 69' lang='lat' dir='ltr'>2.c.</span> <span class='ocrx_word' id='word_1_525' title='bbox 291 2403 344 2435; x_wconf 72' lang='lat'>14.</span> <span class='ocrx_word' id='word_1_526' title='bbox 368 2392 399 2428; x_wconf 86' lang='lat' dir='ltr'>se</span> <span class='ocrx_word' id='word_1_527' title='bbox 416 2394 431 2429; x_wconf 67' lang='lat' dir='ltr'>a</span> <span class='ocrx_word' id='word_1_528' title='bbox 446 2397 628 2429; x_wconf 86' lang='lat' dir='ltr'>Mercatore</span> <span class='ocrx_word' id='word_1_529' title='bbox 648 2393 793 2441; x_wconf 89' lang='lat' dir='ltr'>quodam</span> <span class='ocrx_word' id='word_1_530' title='bbox 815 2391 921 2427; x_wconf 83' lang='lat' dir='ltr'>Arabe</span> <span class='ocrx_word' id='word_1_531' title='bbox 936 2389 1148 2428; x_wconf 72' lang='lat' dir='ltr'>intellexiste,</span> <span class='ocrx_word' id='word_1_532' title='bbox 1167 2384 1347 2433; x_wconf 53' lang='lat' dir='ltr'>impetant&amp;</span> <span class='ocrx_word' id='word_1_533' title='bbox 1367 2383 1527 2418; x_wconf 80' lang='lat' dir='ltr'>fruticum</span> <span class='ocrx_word' id='word_1_534' title='bbox 1540 2382 1764 2417; x_wconf 86' lang='lat' dir='ltr'>cotalinorum</span> 
     </span>
     <span class='ocr_line' id='line_1_44' title="bbox 19 2430 1762 2487; baseline -0.005 -13"><span class='ocrx_word' id='word_1_535' title='bbox 19 2471 20 2474; x_wconf 75' lang='grc'>,</span> <span class='ocrx_word' id='word_1_536' title='bbox 68 2438 165 2487; x_wconf 68' lang='lat' dir='ltr'>copia</span> <span class='ocrx_word' id='word_1_537' title='bbox 178 2440 393 2481; x_wconf 84' lang='lat' dir='ltr'>condensata,</span> <span class='ocrx_word' id='word_1_538' title='bbox 417 2454 454 2478; x_wconf 88' lang='lat' dir='ltr'>ut</span> <span class='ocrx_word' id='word_1_539' title='bbox 476 2456 544 2478; x_wconf 86' lang='lat' dir='ltr'>non</span> <span class='ocrx_word' id='word_1_540' title='bbox 563 2442 693 2478; x_wconf 66' lang='lat' dir='ltr'>tantum</span> <span class='ocrx_word' id='word_1_541' title='bbox 717 2440 943 2477; x_wconf 83' lang='lat' dir='ltr'>urinatoribus</span> <span class='ocrx_word' id='word_1_542' title='bbox 957 2463 966 2479; x_wconf 91' lang='lat'><strong>‚</strong></span> <span class='ocrx_word' id='word_1_543' title='bbox 997 2440 1050 2473; x_wconf 82' lang='lat' dir='ltr'>led</span> <span class='ocrx_word' id='word_1_544' title='bbox 1070 2442 1105 2473; x_wconf 88' lang='lat'>&amp;</span> <span class='ocrx_word' id='word_1_545' title='bbox 1121 2436 1261 2483; x_wconf 80' lang='lat' dir='ltr'>piscibus</span> <span class='ocrx_word' id='word_1_546' title='bbox 1281 2435 1407 2469; x_wconf 87' lang='lat' dir='ltr'>aditum</span> <span class='ocrx_word' id='word_1_547' title='bbox 1434 2442 1576 2480; x_wconf 78' lang='lat' dir='ltr'>negent3</span> <span class='ocrx_word' id='word_1_548' title='bbox 1605 2430 1762 2467; x_wconf 81' lang='lat' dir='ltr'>audivisse</span> 
     </span>
     <span class='ocr_line' id='line_1_45' title="bbox 20 2479 1760 2539; baseline -0.007 -15"><span class='ocrx_word' id='word_1_549' title='bbox 20 2520 21 2529; x_wconf 66' lang='grc'>,</span> <span class='ocrx_word' id='word_1_550' title='bbox 70 2487 416 2538; x_wconf 73' lang='lat' dir='ltr'>porroapiscatoribus</span> <span class='ocrx_word' id='word_1_551' title='bbox 434 2505 498 2527; x_wconf 87' lang='lat' dir='ltr'>una</span> <span class='ocrx_word' id='word_1_552' title='bbox 514 2505 588 2527; x_wconf 87' lang='lat' dir='ltr'>cum</span> <span class='ocrx_word' id='word_1_553' title='bbox 606 2490 760 2539; x_wconf 89' lang='lat' dir='ltr'>stirpibus</span> <span class='ocrx_word' id='word_1_554' title='bbox 779 2490 918 2525; x_wconf 82' lang='lat' dir='ltr'>subinde</span> <span class='ocrx_word' id='word_1_555' title='bbox 937 2489 1080 2524; x_wconf 70' lang='lat' dir='ltr'>exrracsta</span> <span class='ocrx_word' id='word_1_556' title='bbox 1091 2486 1188 2522; x_wconf 78' lang='lat' dir='ltr'>fuifle</span> <span class='ocrx_word' id='word_1_557' title='bbox 1205 2483 1368 2520; x_wconf 85' lang='lat' dir='ltr'>conchilia</span> <span class='ocrx_word' id='word_1_558' title='bbox 1380 2506 1390 2522; x_wconf 90' lang='lat'><strong>,</strong></span> <span class='ocrx_word' id='word_1_559' title='bbox 1420 2482 1557 2521; x_wconf 84' lang='lat' dir='ltr'>lateres,</span> <span class='ocrx_word' id='word_1_560' title='bbox 1579 2480 1652 2515; x_wconf 84' lang='lat' dir='ltr'>saxa</span> <span class='ocrx_word' id='word_1_561' title='bbox 1664 2504 1674 2518; x_wconf 84' lang='lat'>,</span> <span class='ocrx_word' id='word_1_562' title='bbox 1694 2479 1760 2513; x_wconf 81' lang='lat' dir='ltr'>offa</span> 
     </span>
     <span class='ocr_line' id='line_1_46' title="bbox 19 2528 1760 2587; baseline -0.007 -12"><span class='ocrx_word' id='word_1_563' title='bbox 19 2532 21 2578; x_wconf 66' lang='grc'>’1</span> <span class='ocrx_word' id='word_1_564' title='bbox 69 2538 196 2574; x_wconf 86' lang='lat' dir='ltr'>tabulas</span> <span class='ocrx_word' id='word_1_565' title='bbox 208 2537 333 2585; x_wconf 82' lang='lat' dir='ltr'>ligneas</span> <span class='ocrx_word' id='word_1_566' title='bbox 351 2538 547 2576; x_wconf 83' lang='lat' dir='ltr'>ferramenta</span> <span class='ocrx_word' id='word_1_567' title='bbox 566 2544 678 2577; x_wconf 86' lang='lat' dir='ltr'>omnia</span> <span class='ocrx_word' id='word_1_568' title='bbox 692 2539 808 2575; x_wconf 88' lang='lat' dir='ltr'>coralis</span> <span class='ocrx_word' id='word_1_569' title='bbox 821 2563 832 2578; x_wconf 87' lang='lat'>‚</span> <span class='ocrx_word' id='word_1_570' title='bbox 852 2540 968 2587; x_wconf 80' lang='lat' dir='ltr'>quaein</span> <span class='ocrx_word' id='word_1_571' title='bbox 985 2541 1024 2573; x_wconf 89' lang='lat' dir='ltr'>iis</span> <span class='ocrx_word' id='word_1_572' title='bbox 1036 2546 1268 2573; x_wconf 86' lang='lat' dir='ltr'>excreverunt,</span> <span class='ocrx_word' id='word_1_573' title='bbox 1290 2532 1461 2580; x_wconf 72' lang='lat' dir='ltr'>consert23</span> <span class='ocrx_word' id='word_1_574' title='bbox 1477 2534 1560 2578; x_wconf 89' lang='lat' dir='ltr'>quin</span> <span class='ocrx_word' id='word_1_575' title='bbox 1574 2535 1607 2566; x_wconf 75' lang='grc' dir='ltr'>δε</span> <span class='ocrx_word' id='word_1_576' title='bbox 1620 2528 1760 2576; x_wconf 83' lang='lat' dir='ltr'>Delphi-</span> 
     </span>
     <span class='ocr_line' id='line_1_47' title="bbox 20 2579 1722 2638; baseline -0.005 -13"><span class='ocrx_word' id='word_1_577' title='bbox 20 2610 21 2631; x_wconf 31' lang='grc' dir='ltr'>ἢ</span> <span class='ocrx_word' id='word_1_578' title='bbox 67 2600 148 2624; x_wconf 86' lang='lat' dir='ltr'>num</span> <span class='ocrx_word' id='word_1_579' title='bbox 162 2610 172 2625; x_wconf 86' lang='lat'>‚</span> <span class='ocrx_word' id='word_1_580' title='bbox 190 2600 230 2621; x_wconf 82' lang='lat' dir='ltr'>ex</span> <span class='ocrx_word' id='word_1_581' title='bbox 239 2590 328 2628; x_wconf 83' lang='lat' dir='ltr'>cuius</span> <span class='ocrx_word' id='word_1_582' title='bbox 338 2589 419 2624; x_wconf 84' lang='lat' dir='ltr'>duro</span> <span class='ocrx_word' id='word_1_583' title='bbox 429 2593 523 2625; x_wconf 90' lang='lat' dir='ltr'>corio</span> <span class='ocrx_word' id='word_1_584' title='bbox 543 2591 653 2637; x_wconf 89' lang='lat' dir='ltr'>planta</span> <span class='ocrx_word' id='word_1_585' title='bbox 663 2589 809 2625; x_wconf 87' lang='lat' dir='ltr'>coralina</span> <span class='ocrx_word' id='word_1_586' title='bbox 829 2586 1038 2627; x_wconf 83' lang='lat' dir='ltr'>excreviffet,</span> <span class='ocrx_word' id='word_1_587' title='bbox 1056 2587 1241 2621; x_wconf 60' lang='lat' dir='ltr'>extractum</span> <span class='ocrx_word' id='word_1_588' title='bbox 1252 2582 1434 2630; x_wconf 83' lang='lat' dir='ltr'>aliquando</span> <span class='ocrx_word' id='word_1_589' title='bbox 1446 2579 1553 2617; x_wconf 76' lang='lat' dir='ltr'>fuisse.</span> <span class='ocrx_word' id='word_1_590' title='bbox 1592 2626 1604 2638; x_wconf 50' lang='grc' dir='ltr'>Α</span> <span class='ocrx_word' id='word_1_591' title='bbox 1716 2628 1722 2635; x_wconf 88' lang='lat'><em>.</em></span> 
     </span>
     <span class='ocr_line' id='line_1_48' title="bbox 21 2626 1759 2684; baseline -0.007 -13"><span class='ocrx_word' id='word_1_592' title='bbox 21 2675 22 2680; x_wconf 18' lang='lat'>¹</span> <span class='ocrx_word' id='word_1_593' title='bbox 164 2636 298 2679; x_wconf 72' lang='lat' dir='ltr'>Quinto</span> <span class='ocrx_word' id='word_1_594' title='bbox 318 2649 353 2671; x_wconf 92' lang='lat' dir='ltr'>ut</span> <span class='ocrx_word' id='word_1_595' title='bbox 372 2641 407 2673; x_wconf 90' lang='lat' dir='ltr'>in</span> <span class='ocrx_word' id='word_1_596' title='bbox 424 2639 569 2675; x_wconf 76' lang='lat' dir='ltr'>obscuris</span> <span class='ocrx_word' id='word_1_597' title='bbox 589 2652 768 2675; x_wconf 87' lang='lat' dir='ltr'>nemorum</span> <span class='ocrx_word' id='word_1_598' title='bbox 781 2637 972 2675; x_wconf 79' lang='lat' dir='ltr'>receffibus,</span> <span class='ocrx_word' id='word_1_599' title='bbox 989 2636 1143 2671; x_wconf 85' lang='lat' dir='ltr'>animalia</span> <span class='ocrx_word' id='word_1_600' title='bbox 1154 2634 1319 2682; x_wconf 86' lang='lat' dir='ltr'>sylvestria</span> <span class='ocrx_word' id='word_1_601' title='bbox 1337 2628 1484 2666; x_wconf 63' lang='lat' dir='ltr'>humana</span> <span class='ocrx_word' id='word_1_602' title='bbox 1502 2629 1606 2663; x_wconf 84' lang='lat' dir='ltr'>forma</span> <span class='ocrx_word' id='word_1_603' title='bbox 1625 2626 1759 2684; x_wconf 73' lang='lat' dir='ltr'>praedrta</span> 
     </span>
     <span class='ocr_line' id='line_1_49' title="bbox 19 2675 1759 2736; baseline -0.005 -20"><span class='ocrx_word' id='word_1_604' title='bbox 19 2682 22 2716; x_wconf 63' lang='grc' dir='ltr'>Ξ</span> <span class='ocrx_word' id='word_1_605' title='bbox 67 2687 301 2732; x_wconf 85' lang='lat' dir='ltr'>reperiuntur,</span> <span class='ocrx_word' id='word_1_606' title='bbox 324 2698 359 2720; x_wconf 91' lang='lat' dir='ltr'>ut</span> <span class='ocrx_word' id='word_1_607' title='bbox 371 2686 442 2722; x_wconf 89' lang='lat' dir='ltr'>sunt</span> <span class='ocrx_word' id='word_1_608' title='bbox 457 2692 579 2727; x_wconf 89' lang='lat' dir='ltr'>Fauni,</span> <span class='ocrx_word' id='word_1_609' title='bbox 599 2691 727 2736; x_wconf 87' lang='lat' dir='ltr'>Satyri,</span> <span class='ocrx_word' id='word_1_610' title='bbox 745 2689 908 2723; x_wconf 89' lang='lat' dir='ltr'>Centauri</span> <span class='ocrx_word' id='word_1_611' title='bbox 921 2685 1050 2735; x_wconf 73' lang='lat' dir='ltr'>aliaque</span> <span class='ocrx_word' id='word_1_612' title='bbox 1061 2684 1175 2720; x_wconf 83' lang='lat' dir='ltr'>similia</span> <span class='ocrx_word' id='word_1_613' title='bbox 1187 2682 1344 2718; x_wconf 84' lang='lat' dir='ltr'>monstra.</span> <span class='ocrx_word' id='word_1_614' title='bbox 1371 2681 1578 2734; x_wconf 72' lang='lat' dir='ltr'>ItaOceanus</span> <span class='ocrx_word' id='word_1_615' title='bbox 1591 2675 1646 2710; x_wconf 88' lang='lat' dir='ltr'>sua</span> <span class='ocrx_word' id='word_1_616' title='bbox 1660 2687 1759 2717; x_wconf 51' lang='lat' dir='ltr'>marr-¹</span> 
     </span>
     <span class='ocr_line' id='line_1_50' title="bbox 65 2724 1758 2783; baseline -0.009 -10"><span class='ocrx_word' id='word_1_617' title='bbox 65 2747 106 2770; x_wconf 69' lang='lat' dir='ltr'>na</span> <span class='ocrx_word' id='word_1_618' title='bbox 123 2734 220 2769; x_wconf 88' lang='lat' dir='ltr'>habet</span> <span class='ocrx_word' id='word_1_619' title='bbox 234 2735 387 2769; x_wconf 67' lang='lat' dir='ltr'>animalia</span> <span class='ocrx_word' id='word_1_620' title='bbox 398 2738 602 2774; x_wconf 84' lang='lat' dir='ltr'>terrestribus</span> <span class='ocrx_word' id='word_1_621' title='bbox 618 2738 746 2778; x_wconf 74' lang='lat' dir='ltr'>iimina,</span> <span class='ocrx_word' id='word_1_622' title='bbox 758 2749 795 2772; x_wconf 90' lang='lat' dir='ltr'>ut</span> <span class='ocrx_word' id='word_1_623' title='bbox 808 2739 880 2771; x_wconf 88' lang='lat' dir='ltr'>iuut</span> <span class='ocrx_word' id='word_1_624' title='bbox 894 2738 1064 2774; x_wconf 89' lang='lat' dir='ltr'>Tritones,</span> <span class='ocrx_word' id='word_1_625' title='bbox 1082 2735 1238 2769; x_wconf 83' lang='lat' dir='ltr'>Nereides</span> <span class='ocrx_word' id='word_1_626' title='bbox 1260 2734 1388 2767; x_wconf 86' lang='lat' dir='ltr'>Sirenes</span> <span class='ocrx_word' id='word_1_627' title='bbox 1400 2753 1409 2768; x_wconf 88' lang='lat'><strong>,</strong></span> <span class='ocrx_word' id='word_1_628' title='bbox 1430 2730 1469 2763; x_wconf 85' lang='lat' dir='ltr'>de</span> <span class='ocrx_word' id='word_1_629' title='bbox 1483 2725 1604 2778; x_wconf 75' lang='lat' dir='ltr'>quibus</span> <span class='ocrx_word' id='word_1_630' title='bbox 1622 2724 1758 2783; x_wconf 67' lang='lat' dir='ltr'>consule</span> 
     </span>
     <span class='ocr_line' id='line_1_51' title="bbox 66 2776 1758 2836; baseline -0.012 -10"><span class='ocrx_word' id='word_1_631' title='bbox 66 2784 233 2822; x_wconf 62' lang='lat' dir='ltr'>&amp;hott-in</span> <span class='ocrx_word' id='word_1_632' title='bbox 244 2784 544 2832; x_wconf 69' lang='lat' dir='ltr'>Phys-CUt-lib.3.&amp;</span> <span class='ocrx_word' id='word_1_633' title='bbox 556 2801 591 2836; x_wconf 84' lang='lat'>4.</span> <span class='ocrx_word' id='word_1_634' title='bbox 605 2788 750 2823; x_wconf 85' lang='lat' dir='ltr'>monstra</span> <span class='ocrx_word' id='word_1_635' title='bbox 763 2787 841 2821; x_wconf 77' lang='grc' dir='ltr'>νει-ὀ</span> <span class='ocrx_word' id='word_1_636' title='bbox 852 2785 1040 2830; x_wconf 82' lang='lat' dir='ltr'>hujusmodi</span> <span class='ocrx_word' id='word_1_637' title='bbox 1058 2784 1284 2831; x_wconf 74' lang='lat' dir='ltr'>frequentiora</span> <span class='ocrx_word' id='word_1_638' title='bbox 1296 2782 1450 2815; x_wconf 85' lang='lat' dir='ltr'>dicuntur</span> <span class='ocrx_word' id='word_1_639' title='bbox 1466 2776 1630 2810; x_wconf 75' lang='lat' dir='ltr'>obiervara</span> <span class='ocrx_word' id='word_1_640' title='bbox 1642 2787 1677 2809; x_wconf 81' lang='lat' dir='ltr'>in</span> <span class='ocrx_word' id='word_1_641' title='bbox 1687 2787 1758 2832; x_wconf 63' lang='lat' dir='ltr'>ma-</span> 
     </span>
     <span class='ocr_line' id='line_1_52' title="bbox 21 2823 1754 2884; baseline -0.002 -15"><span class='ocrx_word' id='word_1_642' title='bbox 21 2878 22 2883; x_wconf 17' lang='lat'>¹</span> <span class='ocrx_word' id='word_1_643' title='bbox 63 2835 217 2870; x_wconf 88' lang='lat' dir='ltr'>riIndico</span> <span class='ocrx_word' id='word_1_644' title='bbox 234 2835 335 2879; x_wconf 73' lang='lat' dir='ltr'>prope</span> <span class='ocrx_word' id='word_1_645' title='bbox 349 2832 468 2869; x_wconf 82' lang='lat' dir='ltr'>Insulas</span> <span class='ocrx_word' id='word_1_646' title='bbox 482 2837 685 2884; x_wconf 79' lang='lat' dir='ltr'>Philippims</span> <span class='ocrx_word' id='word_1_647' title='bbox 705 2861 715 2876; x_wconf 92' lang='lat'><strong>,</strong></span> <span class='ocrx_word' id='word_1_648' title='bbox 742 2838 839 2871; x_wconf 89' lang='lat' dir='ltr'>certis</span> <span class='ocrx_word' id='word_1_649' title='bbox 853 2847 961 2870; x_wconf 83' lang='lat' dir='ltr'>tamen</span> <span class='ocrx_word' id='word_1_650' title='bbox 982 2834 1186 2882; x_wconf 85' lang='lat' dir='ltr'>temporibus</span> <span class='ocrx_word' id='word_1_651' title='bbox 1199 2844 1254 2879; x_wconf 87' lang='lat' dir='ltr'>per</span> <span class='ocrx_word' id='word_1_652' title='bbox 1276 2841 1426 2882; x_wconf 32' lang='lat' dir='ltr'>anuum„</span> <span class='ocrx_word' id='word_1_653' title='bbox 1445 2825 1545 2860; x_wconf 60' lang='lat' dir='ltr'>Sext&amp;</span> <span class='ocrx_word' id='word_1_654' title='bbox 1557 2826 1596 2858; x_wconf 77' lang='lat' dir='ltr'>de</span> <span class='ocrx_word' id='word_1_655' title='bbox 1609 2823 1754 2881; x_wconf 29' lang='lat' dir='ltr'>spo-nglfss</span> 
     </span>
     <span class='ocr_line' id='line_1_53' title="bbox 20 2877 1770 2934; baseline -0.007 -16"><span class='ocrx_word' id='word_1_656' title='bbox 20 2891 23 2926; x_wconf 71' lang='grc' dir='ltr'>ζ</span> <span class='ocrx_word' id='word_1_657' title='bbox 62 2883 260 2929; x_wconf 82' lang='lat' dir='ltr'>quibusdam</span> <span class='ocrx_word' id='word_1_658' title='bbox 276 2885 457 2929; x_wconf 74' lang='lat' dir='ltr'>Norvagici</span> <span class='ocrx_word' id='word_1_659' title='bbox 471 2886 728 2921; x_wconf 67' lang='lat' dir='ltr'>mzrislittorum</span> <span class='ocrx_word' id='word_1_660' title='bbox 743 2909 752 2923; x_wconf 90' lang='lat'><strong><em>‚</em></strong></span> <span class='ocrx_word' id='word_1_661' title='bbox 773 2887 873 2919; x_wconf 75' lang='lat' dir='ltr'>eriam</span> <span class='ocrx_word' id='word_1_662' title='bbox 896 2885 1121 2918; x_wconf 87' lang='lat' dir='ltr'>admiratione</span> <span class='ocrx_word' id='word_1_663' title='bbox 1131 2883 1213 2929; x_wconf 88' lang='lat' dir='ltr'>quid</span> <span class='ocrx_word' id='word_1_664' title='bbox 1224 2883 1363 2927; x_wconf 86' lang='lat' dir='ltr'>dignum</span> <span class='ocrx_word' id='word_1_665' title='bbox 1373 2885 1474 2910; x_wconf 79' lang='lat' dir='ltr'>rerett</span> <span class='ocrx_word' id='word_1_666' title='bbox 1501 2877 1536 2912; x_wconf 84' lang='lat' dir='ltr'>P.</span> <span class='ocrx_word' id='word_1_667' title='bbox 1554 2878 1770 2934; x_wconf 14' lang='lat' dir='ltr'>FoutnAierrnr</span> 
     </span>
     <span class='ocr_line' id='line_1_54' title="bbox 21 2922 1756 2980; baseline -0.013 -4"><span class='ocrx_word' id='word_1_668' title='bbox 21 2945 23 2976; x_wconf 90' lang='lat'>!</span> <span class='ocrx_word' id='word_1_669' title='bbox 67 2935 191 2980; x_wconf 81' lang='lat' dir='ltr'>Geogt.</span> <span class='ocrx_word' id='word_1_670' title='bbox 205 2933 291 2969; x_wconf 84' lang='lat' dir='ltr'>Orb.</span> <span class='ocrx_word' id='word_1_671' title='bbox 304 2945 376 2970; x_wconf 89' lang='lat' dir='ltr'>not.</span> <span class='ocrx_word' id='word_1_672' title='bbox 396 2933 452 2967; x_wconf 84' lang='lat' dir='ltr'>lib.</span> <span class='ocrx_word' id='word_1_673' title='bbox 468 2944 498 2970; x_wconf 79' lang='lat'>2-</span> <span class='ocrx_word' id='word_1_674' title='bbox 508 2946 536 2972; x_wconf 73' lang='lat' dir='ltr'>c,</span> <span class='ocrx_word' id='word_1_675' title='bbox 551 2948 578 2979; x_wconf 87' lang='lat'>5.</span> <span class='ocrx_word' id='word_1_676' title='bbox 591 2949 642 2970; x_wconf 89' lang='lat' dir='ltr'>eas</span> <span class='ocrx_word' id='word_1_677' title='bbox 654 2937 773 2970; x_wconf 85' lang='lat' dir='ltr'>nativis</span> <span class='ocrx_word' id='word_1_678' title='bbox 785 2933 874 2968; x_wconf 86' lang='lat' dir='ltr'>fibris</span> <span class='ocrx_word' id='word_1_679' title='bbox 886 2932 1077 2980; x_wconf 87' lang='lat' dir='ltr'>frequenter</span> <span class='ocrx_word' id='word_1_680' title='bbox 1090 2934 1170 2966; x_wconf 82' lang='lat' dir='ltr'>iaxis</span> <span class='ocrx_word' id='word_1_681' title='bbox 1183 2931 1306 2966; x_wconf 88' lang='lat' dir='ltr'>ibidem</span> <span class='ocrx_word' id='word_1_682' title='bbox 1321 2927 1482 2959; x_wconf 82' lang='lat' dir='ltr'>adbaerere</span> <span class='ocrx_word' id='word_1_683' title='bbox 1495 2950 1503 2965; x_wconf 83' lang='lat'><em>.</em></span> <span class='ocrx_word' id='word_1_684' title='bbox 1520 2936 1556 2958; x_wconf 85' lang='lat' dir='ltr'>ac</span> <span class='ocrx_word' id='word_1_685' title='bbox 1581 2922 1688 2958; x_wconf 76' lang='lat' dir='ltr'>sensus</span> <span class='ocrx_word' id='word_1_686' title='bbox 1700 2935 1756 2969; x_wconf 86' lang='lat' dir='ltr'>ap-</span> 
     </span>
     <span class='ocr_line' id='line_1_55' title="bbox 66 2972 1752 3030; baseline -0.004 -15"><span class='ocrx_word' id='word_1_687' title='bbox 66 2985 248 3030; x_wconf 86' lang='lat' dir='ltr'>parentiam</span> <span class='ocrx_word' id='word_1_688' title='bbox 260 2986 294 3018; x_wconf 86' lang='lat' dir='ltr'>in</span> <span class='ocrx_word' id='word_1_689' title='bbox 307 2983 421 3017; x_wconf 80' lang='lat' dir='ltr'>iisdem</span> <span class='ocrx_word' id='word_1_690' title='bbox 432 2982 608 3022; x_wconf 82' lang='lat' dir='ltr'>observari.</span> <span class='ocrx_word' id='word_1_691' title='bbox 637 2988 703 3020; x_wconf 85' lang='lat' dir='ltr'>Ubi</span> <span class='ocrx_word' id='word_1_692' title='bbox 716 2987 803 3018; x_wconf 76' lang='lat' dir='ltr'>enim</span> <span class='ocrx_word' id='word_1_693' title='bbox 825 2981 1011 3017; x_wconf 87' lang='lat' dir='ltr'>avulsorem</span> <span class='ocrx_word' id='word_1_694' title='bbox 1022 2983 1167 3017; x_wconf 77' lang='lat' dir='ltr'>sentiunt</span> <span class='ocrx_word' id='word_1_695' title='bbox 1179 3005 1188 3019; x_wconf 85' lang='lat'>‚</span> <span class='ocrx_word' id='word_1_696' title='bbox 1216 2986 1424 3023; x_wconf 84' lang='lat' dir='ltr'>compertum</span> <span class='ocrx_word' id='word_1_697' title='bbox 1440 2976 1484 3007; x_wconf 78' lang='lat' dir='ltr'>est</span> <span class='ocrx_word' id='word_1_698' title='bbox 1497 2998 1506 3012; x_wconf 81' lang='lat'>‚</span> <span class='ocrx_word' id='word_1_699' title='bbox 1526 2986 1578 3007; x_wconf 72' lang='lat' dir='ltr'>eas</span> <span class='ocrx_word' id='word_1_700' title='bbox 1588 2972 1618 3006; x_wconf 80' lang='lat' dir='ltr'>(e</span> <span class='ocrx_word' id='word_1_701' title='bbox 1629 2972 1658 3007; x_wconf 85' lang='lat' dir='ltr'>se</span> <span class='ocrx_word' id='word_1_702' title='bbox 1670 2984 1752 3006; x_wconf 80' lang='lat' dir='ltr'>con-</span> 
     </span>
     <span class='ocr_line' id='line_1_56' title="bbox 23 3023 1750 3077; baseline -0.007 -10"><span class='ocrx_word' id='word_1_703' title='bbox 23 3071 25 3074; x_wconf 52' lang='grc'><em>,</em></span> <span class='ocrx_word' id='word_1_704' title='bbox 69 3032 198 3067; x_wconf 80' lang='lat' dir='ltr'>trahere</span> <span class='ocrx_word' id='word_1_705' title='bbox 209 3056 219 3070; x_wconf 91' lang='lat'>‚</span> <span class='ocrx_word' id='word_1_706' title='bbox 235 3045 270 3066; x_wconf 89' lang='lat' dir='ltr'>ac</span> <span class='ocrx_word' id='word_1_707' title='bbox 280 3045 352 3067; x_wconf 87' lang='lat' dir='ltr'>cum</span> <span class='ocrx_word' id='word_1_708' title='bbox 363 3031 556 3067; x_wconf 72' lang='lat' dir='ltr'>difficultate</span> <span class='ocrx_word' id='word_1_709' title='bbox 566 3033 730 3073; x_wconf 86' lang='lat' dir='ltr'>abstrahi,</span> <span class='ocrx_word' id='word_1_710' title='bbox 747 3032 872 3068; x_wconf 84' lang='lat' dir='ltr'>avulsas</span> <span class='ocrx_word' id='word_1_711' title='bbox 883 3031 960 3067; x_wconf 75' lang='lat' dir='ltr'>vero</span> <span class='ocrx_word' id='word_1_712' title='bbox 978 3034 1081 3067; x_wconf 84' lang='lat' dir='ltr'>etiam</span> <span class='ocrx_word' id='word_1_713' title='bbox 1095 3035 1127 3065; x_wconf 88' lang='lat' dir='ltr'>in</span> <span class='ocrx_word' id='word_1_714' title='bbox 1138 3031 1236 3077; x_wconf 84' lang='lat' dir='ltr'>petris</span> <span class='ocrx_word' id='word_1_715' title='bbox 1252 3026 1352 3061; x_wconf 88' lang='lat' dir='ltr'>veluti</span> <span class='ocrx_word' id='word_1_716' title='bbox 1367 3025 1494 3058; x_wconf 89' lang='lat' dir='ltr'>cruoris</span> <span class='ocrx_word' id='word_1_717' title='bbox 1513 3023 1686 3072; x_wconf 86' lang='lat' dir='ltr'>quoddam</span> <span class='ocrx_word' id='word_1_718' title='bbox 1696 3034 1750 3056; x_wconf 83' lang='lat' dir='ltr'>ve-</span> 
     </span>
     <span class='ocr_line' id='line_1_57' title="bbox 76 3081 1633 3130; baseline -0.005 -14"><span class='ocrx_word' id='word_1_719' title='bbox 76 3081 208 3127; x_wconf 77' lang='lat' dir='ltr'>stigium</span> <span class='ocrx_word' id='word_1_720' title='bbox 221 3081 421 3129; x_wconf 54' lang='lat' dir='ltr'>‘relinquere-</span> <span class='ocrx_word' id='word_1_721' title='bbox 1627 3123 1633 3130; x_wconf 34' lang='lat'>⁸</span> 
     </span>
    </p>

    <p class='ocr_par' dir='ltr' id='par_1_10' title="bbox 79 3121 1756 3227">
     <span class='ocr_line' id='line_1_58' title="bbox 121 3121 1756 3178; baseline -0.007 -14"><span class='ocrx_word' id='word_1_722' title='bbox 121 3130 304 3165; x_wconf 87' lang='lat' dir='ltr'>Conclufio</span> <span class='ocrx_word' id='word_1_723' title='bbox 315 3145 348 3168; x_wconf 83' lang='lat'>2.</span> <span class='ocrx_word' id='word_1_724' title='bbox 374 3133 462 3178; x_wconf 66' lang='lat' dir='ltr'>iugis</span> <span class='ocrx_word' id='word_1_725' title='bbox 473 3132 569 3165; x_wconf 88' lang='lat' dir='ltr'>maris</span> <span class='ocrx_word' id='word_1_726' title='bbox 580 3133 715 3177; x_wconf 84' lang='lat' dir='ltr'>agitatio</span> <span class='ocrx_word' id='word_1_727' title='bbox 725 3132 769 3165; x_wconf 95' lang='lat' dir='ltr'>ob</span> <span class='ocrx_word' id='word_1_728' title='bbox 780 3130 994 3175; x_wconf 87' lang='lat' dir='ltr'>multiplicem</span> <span class='ocrx_word' id='word_1_729' title='bbox 1006 3129 1103 3164; x_wconf 86' lang='lat' dir='ltr'>finem</span> <span class='ocrx_word' id='word_1_730' title='bbox 1114 3128 1206 3162; x_wconf 66' lang='lat' dir='ltr'>:iDeo</span> <span class='ocrx_word' id='word_1_731' title='bbox 1214 3126 1363 3160; x_wconf 85' lang='lat' dir='ltr'>ordinata</span> <span class='ocrx_word' id='word_1_732' title='bbox 1374 3125 1429 3162; x_wconf 80' lang='lat' dir='ltr'>est,</span> <span class='ocrx_word' id='word_1_733' title='bbox 1457 3121 1569 3157; x_wconf 72' lang='lat' dir='ltr'>Primo</span> <span class='ocrx_word' id='word_1_734' title='bbox 1581 3133 1668 3156; x_wconf 79' lang='lat' dir='ltr'>enim</span> <span class='ocrx_word' id='word_1_735' title='bbox 1684 3131 1756 3175; x_wconf 57' lang='lat' dir='ltr'>mc?-</span> 
     </span>
     <span class='ocr_line' id='line_1_59' title="bbox 79 3166 1755 3227; baseline -0.005 -15"><span class='ocrx_word' id='word_1_736' title='bbox 79 3188 129 3213; x_wconf 82' lang='lat' dir='ltr'>tus</span> <span class='ocrx_word' id='word_1_737' title='bbox 150 3181 202 3215; x_wconf 81' lang='lat' dir='ltr'>hic</span> <span class='ocrx_word' id='word_1_738' title='bbox 217 3180 491 3226; x_wconf 70' lang='lat' dir='ltr'>putrefatstionem</span> <span class='ocrx_word' id='word_1_739' title='bbox 504 3183 640 3226; x_wconf 84' lang='lat' dir='ltr'>impedit</span> <span class='ocrx_word' id='word_1_740' title='bbox 651 3204 660 3218; x_wconf 92' lang='lat'>,</span> <span class='ocrx_word' id='word_1_741' title='bbox 680 3184 755 3227; x_wconf 74' lang='lat' dir='ltr'>quia</span> <span class='ocrx_word' id='word_1_742' title='bbox 769 3180 967 3226; x_wconf 67' lang='lat' dir='ltr'>putrefastio</span> <span class='ocrx_word' id='word_1_743' title='bbox 983 3179 1018 3213; x_wconf 84' lang='lat' dir='ltr'>fit</span> <span class='ocrx_word' id='word_1_744' title='bbox 1030 3180 1069 3211; x_wconf 85' lang='lat' dir='ltr'>ab</span> <span class='ocrx_word' id='word_1_745' title='bbox 1083 3189 1220 3210; x_wconf 81' lang='lat' dir='ltr'>externo</span> <span class='ocrx_word' id='word_1_746' title='bbox 1236 3175 1355 3211; x_wconf 76' lang='lat' dir='ltr'>calore,</span> <span class='ocrx_word' id='word_1_747' title='bbox 1379 3186 1478 3221; x_wconf 80' lang='lat' dir='ltr'>quern</span> <span class='ocrx_word' id='word_1_748' title='bbox 1511 3172 1573 3205; x_wconf 80' lang='lat' dir='ltr'>alia</span> <span class='ocrx_word' id='word_1_749' title='bbox 1585 3166 1755 3215; x_wconf 74' lang='lat' dir='ltr'>atqueaha</span> 
     </span>
    </p>
   </div>
   <div class='ocr_carea' id='block_1_6' title="bbox 83 3218 1758 3314">
    <p class='ocr_par' dir='ltr' id='par_1_11' title="bbox 83 3218 1758 3314">
     <span class='ocr_line' id='line_1_60' title="bbox 83 3218 1758 3314; baseline -0.007 -49"><span class='ocrx_word' id='word_1_750' title='bbox 83 3228 165 3264; x_wconf 54' lang='lat' dir='ltr'>aeris</span> <span class='ocrx_word' id='word_1_751' title='bbox 176 3231 316 3264; x_wconf 83' lang='lat' dir='ltr'>mutatio</span> <span class='ocrx_word' id='word_1_752' title='bbox 325 3242 380 3278; x_wconf 89' lang='lat' dir='ltr'>per</span> <span class='ocrx_word' id='word_1_753' title='bbox 391 3242 519 3265; x_wconf 88' lang='lat' dir='ltr'>motum</span> <span class='ocrx_word' id='word_1_754' title='bbox 540 3230 673 3265; x_wconf 70' lang='lat' dir='ltr'>inducta</span> <span class='ocrx_word' id='word_1_755' title='bbox 683 3234 819 3273; x_wconf 86' lang='lat' dir='ltr'>avertit,</span> <span class='ocrx_word' id='word_1_756' title='bbox 844 3230 935 3276; x_wconf 85' lang='lat' dir='ltr'>quod</span> <span class='ocrx_word' id='word_1_757' title='bbox 946 3231 1176 3275; x_wconf 85' lang='lat' dir='ltr'>experimento</span> <span class='ocrx_word' id='word_1_758' title='bbox 1187 3224 1314 3260; x_wconf 80' lang='lat' dir='ltr'>discunt</span> <span class='ocrx_word' id='word_1_759' title='bbox 1323 3225 1359 3266; x_wconf 84' lang='lat' dir='ltr'>ii,</span> <span class='ocrx_word' id='word_1_760' title='bbox 1369 3226 1429 3272; x_wconf 88' lang='lat' dir='ltr'>qui</span> <span class='ocrx_word' id='word_1_761' title='bbox 1439 3220 1546 3259; x_wconf 62' lang='lat' dir='ltr'>verius</span> <span class='ocrx_word' id='word_1_762' title='bbox 1554 3218 1662 3255; x_wconf 75' lang='lat' dir='ltr'>Solem</span> <span class='ocrx_word' id='word_1_763' title='bbox 1679 3229 1758 3314; x_wconf 46' lang='grc' dir='ltr'>ἒξ·</span> 
     </span>
    </p>
   </div>
   <div class='ocr_carea' id='block_1_7' title="bbox 0 1391 25 2291">
    <p class='ocr_par' dir='ltr' id='par_1_12' title="bbox 0 1391 25 2291">
     <span class='ocr_line' id='line_1_61' title="bbox 0 1391 25 2291; baseline 0 0"><span class='ocrx_word' id='word_1_764' title='bbox 0 1391 25 2291; x_wconf 95' lang='lat' dir='ltr'> </span> 
     </span>
    </p>
   </div>
   <div class='ocr_carea' id='block_1_8' title="bbox 0 2298 29 3444">
    <p class='ocr_par' dir='ltr' id='par_1_13' title="bbox 0 2298 29 3444">
     <span class='ocr_line' id='line_1_62' title="bbox 0 2298 29 3444; baseline 0 0"><span class='ocrx_word' id='word_1_765' title='bbox 0 2298 29 3444; x_wconf 95' lang='lat' dir='ltr'>   </span> 
     </span>
    </p>
   </div>
  </div>
 </body>
</html>
