2003 3434
266 116 336 178 '2⁴8
345 132 370 178 8
382 119 407 141 ⁸
947 129 1286 195 Meteorologica

282 235 455 260 aureorum
466 224 568 259 millia
576 213 833 270 computabatur.
860 225 1008 268 Majolus
1023 223 1060 258 de
1078 223 1222 257 Metallis
1231 224 1294 257 collv
1312 234 1362 265 19·
1414 222 1476 256 His
1485 219 1600 254 merito
1624 231 1683 266 pto
1691 219 1827 256 clausula
1848 219 1959 264 primae

285 276 387 321 partis
398 274 504 320 quaest.
515 274 664 307 addenda
676 276 743 308 auti
754 277 785 307 &
796 275 948 318 argentia
962 274 1089 307 Davide
1103 284 1162 318 pto
1175 271 1289 317 templi
1302 272 1422 306 fabrica
1433 269 1596 317 congesta,
1605 280 1722 315 nempe
1735 279 1865 305 centum
1880 269 1958 301 ouo

285 323 390 357 millia
400 323 597 356 talentorum
610 325 704 374 ⁶³³3
731 324 854 368 argenti
869 324 947 357 vero
958 324 1062 357 decies
1071 332 1205 356 centena
1218 320 1319 353 millia
1331 343 1341 359 ,
1360 320 1616 366 &septendecim
1634 320 1736 352 millia
1747 319 1958 354 talentorum,

281 377 486 418 quaeiumma
501 373 589 416 juxta
601 372 790 406 Romanum
810 382 999 415 computum
1017 372 1206 408 conficient,
1231 369 1307 403 teste
1316 371 1434 409 Baton,
1455 372 1489 403 in
1500 369 1573 402 Nat.
1585 369 1700 401 Miraea
1719 379 1790 401 area
1807 379 1862 403 12.
1879 370 1907 408 ς.
1920 377 1956 411 4.

281 424 352 454 auri
370 420 486 455 scilicet
502 426 665 454 (excentos
678 432 739 454 tres
752 422 918 454 miliiones
931 431 1104 455 aureorum
1121 443 1128 457 ,
1147 418 1275 462 iniuper
1297 422 1485 466 ooliugenta
1497 419 1667 451 duodecim
1679 416 1782 450 millia
1793 426 1957 450 trecentos

283 471 445 515 sexaginta
455 472 599 516 quinque
616 480 628 513 3
652 472 775 517 argenti
786 470 861 503 vero
872 468 963 503 mille
982 470 1138 504 ducentos
1149 468 1227 501 ocio
1245 467 1408 503 milliones
1419 492 1430 509 ,
1449 479 1578 503 centum
1589 466 1773 513 nonaginta
1794 468 1839 500 lex
1852 463 1956 499 millia

280 529 464 556 aureorum.

381 564 692 613 Coiiclufio‘quatta.
742 568 921 613 Argentum
934 568 1045 602 vivum
1059 567 1166 600 latinis
1176 563 1221 601 ob
1231 565 1446 601 mobilitatem
1466 589 1476 604 ,
1493 565 1726 611 hydrargyrum
1740 561 1955 610 Graecisquasi

281 627 421 662 aqueum
433 627 601 663 argentum
612 617 656 651 ob
665 617 851 650 fluiditatem
866 618 992 651 dicitur.
1045 618 1131 650 Rene
1142 617 1222 649 delet
1232 615 1327 649 ibitur
1338 615 1359 648 ὰ
1367 616 1518 651 J<1rchere
1526 628 1559 647 m
1570 612 1832 658 Mund,subterr.
1844 615 1880 651 <9-
1889 616 1957 646 Ar-

281 675 313 699 te
324 669 445 713 Magn,
471 665 559 712 quod
570 665 604 699 sit
616 665 724 712 liquor
737 665 901 699 mineralis
914 677 951 699 ex
963 677 1047 713 aqua
1058 664 1218 699 metallica
1229 663 1374 703 visendus,
1385 676 1517 702 terreus,
1528 664 1679 709 lulphure
1688 664 1798 697 exacte
1808 672 1956 696 conteni-

282 725 428 760 peratus,
446 715 610 761 spititosus
622 739 632 754 ‚
650 717 804 762 frigidus,
825 716 975 748 humidus
988 715 1104 754 ,albus
1128 717 1161 746 in
1175 715 1344 747 manifesto
1360 722 1370 749 2
1397 715 1516 749 calidus
1530 714 1606 749 vero
1619 736 1627 750 ,
1638 713 1730 748 liccus
1743 735 1752 751 ,
1767 711 1904 750 rubeus,
1921 713 1956 744 &

267 763 469 798 omnicolor
480 766 514 797 in
524 765 651 799 occulto
662 787 671 802 ‚
683 774 827 809 penetrat
837 763 966 798 metalla
977 787 986 802 ‚
1005 764 1121 810 quibus
1133 763 1272 796 aihaeret
1281 765 1395 798 intime
1405 787 1415 802 ,
1434 765 1536 809 caepe
1546 762 1689 796 relolvit.
1741 761 1840 795 Unde
1859 761 1876 794 a
1886 760 1954 794 Pli-

283 814 470 846 niodicitut
481 825 587 847 rerum
599 816 748 846 omnium
760 824 944 852 venenum:
970 812 1010 847 ab
1024 812 1094 846 aliis
1112 812 1187 845 vero
1201 811 1409 846 metallorum
1433 814 1608 857 Tyrannus
1626 835 1634 849 ,
1653 812 1698 844 οἱ)
1715 823 1809 856 quam
1831 812 1955 844 caulam

281 861 357 895 vafis
368 865 476 896 vitreis
487 864 623 897 iecutius
636 886 645 900 ‚
659 867 755 907 quarn
770 863 945 896 metallinis
955 865 1140 900 includitur,
1191 863 1481 909 Qemadmodurn
1492 864 1581 894 enim
1593 873 1671 906 aqua
1683 862 1820 894 chartam
1833 883 1843 897 ,
1855 871 1954 905 quam

281 910 447 945 humectat
458 934 469 950 ,
487 922 650 945 attenuato
663 911 790 958 glutine
801 912 939 944 dilinivit
949 935 958 951 ,
983 913 1026 945 ita
1039 913 1217 944 Mercurius
1231 923 1404 953 corporum
1417 910 1652 944 metallicorum
1666 921 1798 944 nexum.
1850 912 1953 942 ths

279 960 324 994 est
335 964 430 994 etiam
443 964 508 1002 ejus
528 963 568 995 ad
578 973 690 994 aurum
703 961 856 1001 acceflus;
884 972 958 993 nam
970 959 991 992 si
1003 958 1164 1006 supposito
1176 962 1251 1006 igne
1269 959 1324 993 ilie
1334 961 1539 1005 permittatur
1561 960 1691 993 avolare
1701 983 1710 999 ,
1730 962 1763 992 δε
1775 971 1808 993 in
1823 961 1955 1003 propiu-

279 1021 347 1055 quo
359 1009 393 1044 fit
403 1012 570 1056 quippiam
581 1014 646 1042 auti
660 1009 732 1043 licet
746 1010 816 1043 arca
825 1010 990 1044 occiuium
1003 1032 1013 1047 ,
1034 1011 1213 1043 Mercurius
1224 1031 1234 1047 ,
1250 1012 1308 1053 qui
1319 1009 1506 1042 sublimatur
1519 1031 1529 1046 ,
1547 1021 1614 1041 oon
1625 1010 1691 1042 abit
1702 1010 1786 1042 reeta
1799 1020 1831 1041 in
1842 1019 1932 1041 auras
1942 1029 1953 1046 ,

279 1060 332 1093 ied
345 1060 476 1094 divertit
491 1061 529 1093 ad
540 1071 651 1094 aurum
664 1059 836 1105 repolitum
850 1081 861 1097 ,
872 1057 1001 1104 scieque
1012 1060 1045 1091 in
1057 1059 1136 1092 illud
1148 1057 1297 1102 insinuat..
1343 1059 1575 1091 Gtavii'lirnum
1589 1070 1740 1092 omnium
1754 1059 1796 1090 est
1815 1057 1883 1102 post
1894 1069 1949 1090 au·

279 1119 353 1142 rum
366 1131 375 1146 ‚
385 1108 456 1142 cnm
468 1111 579 1143 omnia
590 1109 712 1153 reliqua
723 1108 851 1142 metalla
861 1109 968 1141 eidem
981 1109 1063 1142 haud
1078 1107 1161 1141 secus
1173 1109 1269 1153 quatri
1282 1106 1430 1142 subereus
1439 1118 1550 1140 cortex
1562 1119 1650 1150 aquae
1663 1113 1808 1140 innatare
1820 1107 1952 1145 ioleatit.

279 1159 382 1192 Ratio
392 1169 497 1192 autem
511 1158 602 1199 liujus
613 1157 656 1191 est
666 1180 675 1196 ,
689 1160 762 1203 quia
773 1157 969 1191 maltacena
981 1157 1124 1195 constat,
1134 1156 1303 1202 multoque
1315 1158 1468 1194 humore,
1491 1169 1528 1189 ex
1541 1167 1607 1199 quo
1620 1169 1682 1190 una
1697 1161 1727 1189 ὃ(
1740 1168 1805 1197 eius
1817 1156 1952 1201 liquidi-

281 1217 328 1240 tas
337 1207 511 1252 colligitur,
565 1207 645 1240 Non
658 1207 821 1240 humectat
832 1217 939 1241 tamen
951 1228 960 1245 ,
979 1206 1044 1240 esto
1056 1218 1154 1240 manu
1167 1207 1317 1240 treetetur
1328 1228 1338 1243 ,
1356 1209 1431 1252 quia
1441 1205 1515 1239 licet
1530 1208 1576 1238 iili
1600 1209 1719 1240 multus
1731 1206 1800 1238 iniit
1814 1207 1931 1238 humor
1941 1225 1953 1241 ,

281 1255 345 1289 illis
360 1266 466 1289 tamen
478 1257 634 1299 particulae
644 1256 726 1289 adeo
736 1258 847 1290 terreis
864 1255 1118 1302 implexarum,
1141 1266 1175 1289 ut
1194 1255 1234 1289 ab
1246 1257 1284 1289 iis
1294 1256 1430 1301 separari
1446 1265 1512 1288 non
1526 1254 1662 1301 poffinr3
1691 1257 1821 1300 nigrum
1842 1265 1954 1288 tamen
1974 1295 1979 1300 Ι

281 1304 383 1338 veluti
397 1305 587 1349 squallorem
601 1308 723 1352 egerit,
741 1307 827 1339 unde
838 1308 906 1338 vala
917 1306 1114 1351 quandoque
1125 1305 1255 1338 humida
1266 1306 1463 1349 redduntur3
1488 1307 1520 1338 &
1533 1304 1633 1338 veluti
1655 1305 1729 1337 velo
1740 1306 1879 1349 quodam
1892 1302 1953 1336 ob-

279 1354 408 1387 ducitur
418 1365 484 1393 eius
499 1353 678 1400 superficies
689 1377 699 1392 ,
719 1354 783 1400 qua
796 1354 903 1388 amota
916 1354 1058 1399 {plendet
1070 1356 1221 1388 maxime.
1273 1354 1426 1397 Perpetua
1437 1366 1570 1400 quoque
1583 1354 1628 1388 illi
1641 1354 1803 1388 mobizvas
1818 1377 1828 1391 ,
1849 1353 1950 1399 quia„

278 1404 420 1436 muitum
432 1405 512 1438 a'e'rei
525 1407 650 1449 (piritus
664 1404 818 1441 includit,
830 1405 885 1449 qui
899 1414 1097 1449 partetetrea
1105 1405 1228 1448 optime
1241 1406 1373 1438 excoela
1387 1406 1428 1438 ita
1440 1405 1623 1438 detinentur
1637 1406 1767 1449 captivi,
1779 1415 1811 1436 ut
1823 1403 1949 1435 avolare

281 1463 350 1484 non
363 1453 498 1497 ροιῖῑηε,
514 1455 592 1487 inde
603 1464 722 1492 motus⁴
775 1454 864 1486 Hinc
874 1454 999 1486 annulo
1010 1454 1212 1486 reconditum
1225 1476 1234 1491 ,
1255 1457 1289 1487 ἅτ
1301 1455 1468 1487 admotum
1482 1452 1594 1486 saltare
1609 1455 1710 1496 iplum
1723 1451 1810 1491 facit,
1861 1454 1948 1485 idem

281 1504 464 1546 contingit,
479 1502 499 1535 fi
517 1502 565 1536 vel
580 1504 731 1543 Mercurii
742 1502 864 1549 guttula
876 1514 992 1547 panem
1008 1506 1040 1535 in
1051 1502 1180 1535 clibano
1198 1514 1269 1541 ‚aut
1280 1502 1344 1549 pisa
1358 1506 1390 1536 in
1403 1502 1469 1536 olla
1482 1503 1531 1536 vel
1542 1514 1604 1535 ova
1613 1507 1649 1535 ad
1662 1505 1769 1547 ignem
1781 1502 1926 1547 attingat.

382 1552 444 1585 His
463 1551 710 1597 proprietatibus
731 1555 762 1585 δέ
778 1557 941 1597 ίεςαειῖῑεε
952 1554 1044 1594 adjici
1055 1551 1192 1596 poliunt.
1245 1555 1426 1586 Mercurius
1447 1563 1525 1585 auro
1543 1552 1741 1585 commixtus
1760 1551 1855 1584 instar
1873 1560 1950 1583 cerae

279 1599 415 1633 mollem
427 1600 504 1634 facit
513 1601 640 1635 massam
655 1625 664 1640 ,
682 1600 746 1647 qua
758 1600 843 1635 illitae
857 1606 943 1647 prius
953 1602 1083 1634 laminae
1101 1602 1282 1635 inaurandi:
1295 1604 1378 1648 ignis
1390 1613 1452 1647 ope
1463 1613 1576 1635 aurum
1597 1602 1639 1634 ita
1649 1603 1686 1634 iis
1697 1604 1806 1634 unitur
1816 1623 1826 1638 ,
1849 1611 1882 1633 ut
1896 1610 1949 1632 vix

278 1648 341 1682 ulla
352 1659 417 1682 arte
430 1649 562 1695 ²mplius
573 1652 707 1695 separari
718 1650 830 1695 poffit3
855 1653 1019 1694 ipieenim
1030 1652 1084 1683 ubi
1099 1652 1207 1695 ignem
1221 1653 1312 1685 ierint
1324 1675 1332 1691 ‚
1342 1663 1420 1683 mox
1434 1653 1467 1684 iri
1479 1662 1570 1684 auras
1581 1652 1719 1695 exspirat
1728 1651 1886 1683 halituolo
1896 1650 1948 1681 suu

279 1709 336 1730 mo
347 1721 357 1735 ,
370 1701 426 1743 qui
439 1697 456 1730 ii
469 1700 537 1732 vale
547 1701 718 1744 recipiatur
732 1702 763 1731 &
775 1699 980 1736 custodiatur,
992 1701 1024 1730 in
1039 1701 1179 1743 priorem
1194 1702 1317 1745 argenti
1329 1699 1425 1745 paulo
1437 1700 1506 1744 post
1518 1700 1601 1733 redit
1613 1699 1748 1746 speciem
1764 1721 1774 1737 ,
1787 1709 1844 1732 nec
1856 1699 1947 1743 qule-

277 1752 374 1793 cjam
389 1748 511 1791 pristini
535 1748 711 1781 detrahitur
723 1749 886 1791 ponderis.
938 1750 1041 1780 Miros
1055 1748 1171 1791 pariter
1190 1750 1316 1781 colotes
1329 1747 1480 1786 exhibet,
1504 1750 1582 1781 dum
1596 1747 1730 1781 flammae
1745 1751 1946 1781 admovetur.

277 1794 493 1829 Observatum
503 1800 598 1830 eriam
609 1819 618 1835 ‚
628 1797 718 1842 quod
733 1795 753 1829 si
763 1799 883 1833 vitreo,
896 1797 946 1828 vel
955 1795 1081 1839 lapideo
1092 1796 1163 1829 vaie
1172 1799 1351 1830 coarctetur
1363 1820 1371 1836 ,
1385 1798 1425 1829 ita
1438 1808 1472 1829 ut
1484 1800 1616 1830 admoto
1626 1799 1700 1843 igne
1712 1799 1867 1841 respirare
1880 1807 1948 1828 non

278 1843 392 1881 valeat,
401 1856 452 1878 vas
465 1845 645 1891 perfringet
657 1845 753 1877 instat
765 1845 906 1888 pulveris
918 1845 1019 1889 pyrei.
1070 1847 1217 1891 Frigidus
1227 1856 1336 1879 tamen
1346 1845 1461 1878 natura
1474 1845 1523 1878 lua
1532 1846 1576 1879 est
1588 1849 1694 1891 potius
1705 1847 1801 1891 quam
1814 1845 1946 1883 calidus,

275 1904 310 1927 nt
323 1893 406 1927 bene
417 1896 510 1928 docet
523 1895 710 1927 Honoratus
725 1894 836 1932 Fabri,
859 1893 931 1927 curn
945 1892 1121 1938 nulloigne
1132 1916 1143 1932 ,
1163 1893 1212 1928 sed
1228 1894 1334 1928 subtili
1348 1895 1485 1927 humore
1495 1896 1626 1932 constet,
1681 1897 1717 1928 Et
1730 1893 1781 1927 etii
1793 1893 1942 1927 (oblima-

275 1952 342 1975 tum
355 1945 386 1976 vi
399 1943 555 1976 corrosiva
572 1943 710 1989 polleat,
734 1944 797 1977 hac
816 1955 924 1977 tamen
946 1954 1015 1975 non
1035 1945 1222 1981 Mercurio,
1236 1943 1284 1977 sed
1294 1945 1444 1976 admixtis
1453 1943 1648 1988 corpusculis
1668 1945 1795 1978 attribui
1808 1944 1944 1977 debet-.-

272 1993 374 2034 Quod
389 1992 559 2027 confirmat
581 1994 762 2027 Mazhzolas
772 1994 794 2030 l,
807 1999 834 2026 6.
848 2004 876 2027 e.
888 1999 936 2029 28,
964 1991 1116 2036 exemplo
1128 1991 1345 2026 febricitantis
1357 1991 1533 2037 Seplasiarij
1546 2016 1556 2030 ,
1588 1995 1646 2039 qui
1659 1993 1740 2026 sitim
1763 1992 1818 2026 sibi
1832 1992 1961 2025 volens'

274 2042 477 2087 exstinguere
494 2044 640 2087 iantus
654 2045 850 2075 Mercurium
865 2042 970 2080 bibit,
994 2045 1026 2074 &
1038 2053 1150 2085 paucas
1162 2041 1230 2087 post
1243 2042 1336 2075 horas
1350 2039 1503 2087 sanguine
1525 2044 1560 2074 in
1573 2044 1757 2087 praecordiis
1775 2042 1946 2086 congelato

272 2091 407 2124 interiit.
459 2094 564 2126 Mauri
576 2093 670 2125 etiam
681 2114 690 2129 ,
704 2091 775 2125 curri
788 2092 901 2124 ardore
913 2090 985 2123 (olis
995 2092 1105 2123 omnia
1115 2102 1278 2125 torrentur
1291 2114 1301 2130 ‚
1313 2091 1389 2125 idin
1397 2091 1502 2124 lacum
1513 2088 1685 2126 effundunt
1698 2115 1707 2132 ,
1719 2102 1812 2137 atque
1822 2092 1944 2132 injec‘ko

273 2142 365 2174 corio
378 2140 470 2185 super
484 2142 588 2187 ipium
598 2141 681 2174 strati
693 2143 721 2174 (e
731 2139 937 2186 refrigerant,
989 2138 1161 2182 Junftonus,
1672 2149 1674 2152 ·

368 2192 510 2230 Quaeres.
563 2193 679 2224 utrum
696 2192 875 2224 Mercurius
895 2189 1007 2234 aliquo
1030 2191 1130 2223 motio
1149 2189 1183 2222 lit
1198 2187 1484 2234 incorruptibilis?
1535 2190 1733 2234 Respondet)
1751 2187 1943 2223 affirmative

275 2248 347 2271 cum
363 2239 395 2274 P,
408 2236 582 2272 Honorato
600 2240 693 2272 Fabri
706 2240 796 2278 tradi,
812 2237 886 2275 11.l
911 2251 944 2277 2..
969 2239 1007 2271 de
1018 2238 1153 2272 metallis
1164 2262 1173 2276 ‚
1193 2250 1268 2271 nam
1289 2238 1360 2272 licet
1375 2241 1493 2272 mixtus
1507 2239 1639 2272 vitriolo
1658 2242 1691 2273 δι
1706 2238 1766 2272 lale
1776 2238 1945 2272 communi

275 2286 463 2320 lublimetur
476 2289 508 2320 in
522 2291 667 2332 lpumam
677 2288 781 2322 albam
792 2310 801 2325 ,
814 2300 885 2333 qua*
899 2288 942 2321 est
953 2287 1205 2322 antonomastice
1219 2287 1422 2321 sublimatum
1434 2287 1545 2321 efficax
1555 2300 1718 2322 venerium
1729 2311 1739 2325 ‚
1759 2291 1793 2321 &
1803 2288 1943 2321 inaximo

273 2335 489 2381 corrofivum3
515 2338 617 2381 ipsum
631 2348 737 2370 tamen
748 2336 953 2371 sublimatum
966 2338 1144 2370 admixtum
1157 2337 1232 2370 calci
1250 2338 1327 2370 vivae
1337 2359 1347 2374 ,
1358 2338 1545 2371 &inditum
1558 2348 1702 2375 rerorrae,
1723 2341 1761 2371 ad
1772 2337 1942 2382 pristinum

273 2383 387 2418 statum
404 2387 552 2429 Mercurij
564 2387 750 2425 restituitur.
802 2387 922 2419 Pariter
934 2386 994 2418 boc
1011 2388 1188 2432 contingit,
1209 2385 1228 2418 fi
1244 2386 1455 2432 praecipitetur
1466 2387 1647 2420 Mercurius
1657 2388 1778 2420 mixtus
1796 2386 1872 2419 oleo
1885 2386 1945 2419 Vi·

273 2433 360 2466 trioli
372 2456 382 2471 ,
395 2433 493 2467 affuso
508 2438 594 2468 enim
609 2435 670 2469 sale
682 2437 805 2469 Tartari
817 2435 922 2471 soluto
935 2447 990 2479 per
1004 2436 1181 2480 deliquium
1192 2459 1201 2472 ‚
1213 2447 1247 2468 tit
1258 2446 1394 2473 vocant,
1418 2437 1501 2469 redit
1511 2437 1617 2470 tutius
1628 2437 1664 2469 in
1676 2447 1801 2469 merum
1812 2438 1944 2470 Mercu-

271 2484 369 2522 rium,
424 2485 511 2518 Hinc
519 2484 670 2530 colliges,
681 2487 758 2530 quid
770 2485 972 2519 sentiendum
988 2486 1027 2517 de
1036 2497 1093 2523 eo,
1106 2487 1192 2530 quod
1205 2483 1310 2518 scribit
1319 2487 1410 2518 Picus
1420 2485 1690 2523 Mirandulanus,
1700 2484 1752 2518 sua
1764 2496 1852 2518 aetate
1865 2496 1946 2519 con.

275 2531 389 2576 tigiffe,
402 2544 518 2577 nempe
528 2535 613 2578 quod
625 2545 794 2579 argentum
806 2537 915 2567 vivum
927 2545 998 2567 cum
1011 2534 1171 2581 plerisque
1180 2534 1251 2568 aliis
1264 2532 1358 2568 rebus
1368 2546 1428 2580 pro
1437 2537 1513 2581 equi
1525 2537 1686 2570 medicina
1697 2536 1892 2582 permixtum
1905 2537 1941 2568 in

272 2592 390 2627 purum
410 2594 577 2628 argentum
591 2582 689 2618 fuerit
705 2583 957 2617 transmutatum.

372 2631 548 2665 Conclusio
563 2636 686 2675 quinta,
741 2633 820 2667 urus
829 2635 894 2674 ejus
905 2635 1008 2666 varius
1019 2632 1073 2669 est,
1126 2634 1217 2678 Aqua
1227 2655 1237 2671 ‚
1255 2633 1289 2665 in
1306 2643 1405 2677 quarn
1418 2633 1541 2680 argenti
1554 2634 1619 2666 vivi
1643 2631 1746 2667 infusa
1760 2632 1856 2666 fuerit
1866 2643 1942 2674 poi·-

273 2681 320 2713 tio
331 2702 340 2716 ‚
359 2679 378 2712 fi
388 2681 428 2714 ab
438 2693 478 2715 eo
491 2681 605 2714 caelaba
619 2680 745 2715 bibatur
755 2704 765 2719 ‚
787 2680 961 2717 lumbricos
972 2681 1107 2715 mirifice
1123 2682 1222 2727 pellit,
1248 2680 1420 2725 Jonstonus,
1474 2681 1637 2716 Avellanae
1648 2682 1861 2728 perforamen
1877 2682 1942 2714 im-

271 2728 399 2763 miffum
411 2733 444 2763 ὃ(
458 2730 616 2764 occlusum
633 2753 642 2767 ‚
664 2730 830 2776 sericoque
841 2730 941 2764 rubeo
954 2733 970 2764 a
982 2731 1066 2764 collo
1077 2730 1255 2776 suspensum
1277 2732 1387 2776 apelle
1399 2733 1574 2776 praeservat.
1602 2734 1818 2780 ,Quercetanj
1828 2731 1942 2776 apefk-

271 2779 356 2811 alex.
366 2791 432 2825 cap.
448 2792 477 2821 ς.
505 2778 525 2812 fi
537 2781 613 2815 vero
623 2782 757 2825 appenia
771 2790 916 2813 ventrem
928 2792 1035 2826 tangat
1046 2803 1055 2818 ,
1072 2782 1109 2813 ad
1124 2784 1322 2814 curationem
1335 2781 1439 2814 colicae
1451 2781 1494 2814 fin
1508 2778 1812 2816 :ularioer‘conserte
1820 2779 1939 2815 scribit.

270 2830 392 2868 Plater,
407 2829 445 2863 de
457 2830 517 2862 Dol
533 2840 600 2875 cap,
618 2840 666 2869 13.
695 2829 776 2863 valet
786 2831 861 2862 vero
873 2831 1040 2871 presertim
1053 2840 1164 2863 contra
1174 2830 1259 2863 luem
1274 2841 1442 2863 veneream
1455 2854 1464 2868 ,
1477 2844 1496 2877 q
1545 2832 1562 2864 d
1575 2831 1691 2864 lcil'cet
1705 2831 1790 2864 laxet
1804 2841 1941 2869 meatus,

271 2876 389 2919 quibus
401 2880 519 2912 deinde
531 2891 602 2912 cum
616 2880 728 2923 pituita
739 2902 749 2916 ,
762 2878 813 2912 seu
827 2878 1010 2922 phlegmate
1021 2879 1088 2913 lues
1103 2878 1156 2911 illa
1169 2880 1321 2923 erumpit,
1373 2882 1496 2913 Mirum
1510 2880 1554 2913 est
1566 2903 1576 2918 ,
1596 2882 1684 2925 quod
1699 2880 1850 2914 Lemnius
1870 2881 1889 2912 l.
1906 2894 1940 2922 g,

271 2926 311 2956 de
324 2927 438 2961 occult.
451 2938 518 2971 cap.
534 2939 590 2972 35,
602 2927 722 2965 refert:
749 2927 866 2961 morbo
877 2927 1156 2961 Gallicoinfeetus
1171 2952 1180 2966 ‚
1194 2928 1213 2960 fi
1225 2940 1354 2961 aureum
1376 2931 1409 2961 in
1425 2940 1482 2963 ore
1491 2930 1590 2974 gestet
1600 2929 1757 2964 annulum
1768 2951 1777 2966 ,
1790 2928 1938 2975 linquiq3

270 2972 347 3007 hinc
364 2977 438 3009 iude
452 2977 594 3014 volutet,
609 2988 776 3024 argentum
790 2979 900 3010 vivum
918 3000 927 3014 ,
946 2980 1034 3022 quod
1045 2980 1173 3021 corpori
1185 2980 1326 3015 innatat,
1347 2979 1380 3010 in
1394 2973 1549 3011 annulum
1563 2978 1756 3012 devolvitur,
1767 2990 1939 3024 argenteus

269 3024 421 3056 eXimifflr
432 3048 440 3061 2
453 3029 551 3064 nitet,
563 3026 582 3059 fi
593 3028 660 3072 igni
674 3028 821 3060 admotus
835 3025 940 3060 suerit.
993 3027 1242 3060 Observandum
1260 3038 1367 3060 rameri
1382 3030 1578 3061 Mercurium
1602 3031 1635 3060 ὅ(
1649 3039 1809 3060 venenum
1824 3029 1940 3062 huma»

270 3082 315 3105 no
325 3076 454 3119 corpori
464 3074 523 3109 elle
535 3097 546 3113 ‚
563 3075 585 3110 si
604 3078 633 3110 ei
658 3076 693 3109 in
706 3074 843 3110 notabili
855 3076 1027 3122 quantitate
1038 3077 1249 3119 immittatur,
1266 3087 1334 3111 non
1353 3078 1483 3122 quidem
1498 3078 1554 3111 luo
1566 3077 1709 3123 pondere
1720 3100 1730 3115 ,
1757 3088 1790 3111 ut
1802 3080 1935 3123 quidam

1809 3127 1936 3165 censent
