<?xml version="1.0" encoding="UTF-8"?>
<!DOCTYPE html PUBLIC "-//W3C//DTD XHTML 1.0 Transitional//EN"
    "http://www.w3.org/TR/xhtml1/DTD/xhtml1-transitional.dtd">
<html xmlns="http://www.w3.org/1999/xhtml" xml:lang="en" lang="en">
 <head>
  <title>
</title>
<meta http-equiv="Content-Type" content="text/html;charset=utf-8" />
  <meta name='ocr-system' content='tesseract 3.04.00' />
  <meta name='ocr-capabilities' content='ocr_page ocr_carea ocr_par ocr_line ocrx_word'/>
</head>
<body>
  <div class='ocr_page' id='page_1' title='image "./philosphicopolit00rein_0014.png"; bbox 0 0 2060 3444; ppageno 0'>
   <div class='ocr_carea' id='block_1_1' title="bbox 300 116 1293 196">
    <p class='ocr_par' dir='ltr' id='par_1_1' title="bbox 300 116 1293 196">
     <span class='ocr_line' id='line_1_1' title="bbox 300 116 1293 196; baseline -0.011 -11"><span class='ocrx_word' id='word_1_1' title='bbox 300 143 339 185; x_wconf 84' lang='lat'>2</span> <span class='ocrx_word' id='word_1_2' title='bbox 917 116 1293 196; x_wconf 80' lang='lat' dir='ltr'>Meteorologia</span> 
     </span>
    </p>
   </div>
   <div class='ocr_carea' id='block_1_2' title="bbox 295 196 1980 500">
    <p class='ocr_par' dir='ltr' id='par_1_2' title="bbox 295 196 1980 500">
     <span class='ocr_line' id='line_1_2' title="bbox 298 196 1980 259; baseline -0.005 -12"><span class='ocrx_word' id='word_1_3' title='bbox 298 213 423 259; x_wconf 73' lang='lat' dir='ltr'>{emper</span> <span class='ocrx_word' id='word_1_4' title='bbox 447 206 598 247; x_wconf 82' lang='lat' dir='ltr'>confistat</span> <span class='ocrx_word' id='word_1_5' title='bbox 612 210 746 256; x_wconf 75' lang='lat' dir='ltr'>regione</span> <span class='ocrx_word' id='word_1_6' title='bbox 765 207 847 242; x_wconf 68' lang='lat' dir='ltr'>aeris</span> <span class='ocrx_word' id='word_1_7' title='bbox 879 210 890 244; x_wconf 73' lang='lat'>3</span> <span class='ocrx_word' id='word_1_8' title='bbox 916 206 1084 240; x_wconf 81' lang='lat' dir='ltr'>exhalatio</span> <span class='ocrx_word' id='word_1_9' title='bbox 1105 201 1212 241; x_wconf 73' lang='lat' dir='ltr'>autem</span> <span class='ocrx_word' id='word_1_10' title='bbox 1251 204 1329 252; x_wconf 74' lang='lat' dir='ltr'>ficca</span> <span class='ocrx_word' id='word_1_11' title='bbox 1345 203 1383 239; x_wconf 83' lang='lat' dir='ltr'>fit</span> <span class='ocrx_word' id='word_1_12' title='bbox 1400 210 1410 245; x_wconf 74' lang='lat'>3</span> <span class='ocrx_word' id='word_1_13' title='bbox 1437 208 1471 241; x_wconf 64' lang='grc' dir='ltr'>ὗε</span> <span class='ocrx_word' id='word_1_14' title='bbox 1490 202 1631 239; x_wconf 82' lang='lat' dir='ltr'>resoluta</span> <span class='ocrx_word' id='word_1_15' title='bbox 1651 216 1690 238; x_wconf 86' lang='lat' dir='ltr'>ex</span> <span class='ocrx_word' id='word_1_16' title='bbox 1708 203 1773 250; x_wconf 78' lang='lat' dir='ltr'>ipsa</span> <span class='ocrx_word' id='word_1_17' title='bbox 1790 210 1873 239; x_wconf 84' lang='lat' dir='ltr'>ter&#39;ra</span> <span class='ocrx_word' id='word_1_18' title='bbox 1899 196 1980 252; x_wconf 61' lang='lat' dir='ltr'>flae&#39;pb</span> 
     </span>
     <span class='ocr_line' id='line_1_3' title="bbox 298 252 1976 308; baseline -0.005 -12"><span class='ocrx_word' id='word_1_19' title='bbox 298 263 335 296; x_wconf 66' lang='lat' dir='ltr'>i&#39;n</span> <span class='ocrx_word' id='word_1_20' title='bbox 343 260 524 308; x_wconf 84' lang='lat' dir='ltr'>supremam</span> <span class='ocrx_word' id='word_1_21' title='bbox 533 261 701 307; x_wconf 81' lang='lat' dir='ltr'>regionem</span> <span class='ocrx_word' id='word_1_22' title='bbox 710 256 820 291; x_wconf 89' lang='lat' dir='ltr'>evolet</span> <span class='ocrx_word' id='word_1_23' title='bbox 836 279 846 295; x_wconf 89' lang='lat'><strong><em>,</em></strong></span> <span class='ocrx_word' id='word_1_24' title='bbox 875 254 915 288; x_wconf 79' lang='grc' dir='ltr'>εὸ</span> <span class='ocrx_word' id='word_1_25' title='bbox 927 255 1016 300; x_wconf 70' lang='lat' dir='ltr'>quod</span> <span class='ocrx_word' id='word_1_26' title='bbox 1026 254 1100 289; x_wconf 70' lang='lat' dir='ltr'>cum</span> <span class='ocrx_word' id='word_1_27' title='bbox 1111 254 1148 288; x_wconf 87' lang='lat' dir='ltr'>fit</span> <span class='ocrx_word' id='word_1_28' title='bbox 1158 253 1247 292; x_wconf 84' lang='lat' dir='ltr'>ficca,</span> <span class='ocrx_word' id='word_1_29' title='bbox 1261 253 1388 289; x_wconf 84' lang='lat' dir='ltr'>facilius</span> <span class='ocrx_word' id='word_1_30' title='bbox 1401 254 1589 301; x_wconf 83' lang='lat' dir='ltr'>impressum</span> <span class='ocrx_word' id='word_1_31' title='bbox 1600 252 1737 287; x_wconf 87' lang='lat' dir='ltr'>calorem</span> <span class='ocrx_word' id='word_1_32' title='bbox 1749 253 1865 292; x_wconf 85' lang='lat' dir='ltr'>servet,</span> <span class='ocrx_word' id='word_1_33' title='bbox 1874 254 1976 300; x_wconf 78' lang='lat' dir='ltr'>quarn</span> 
     </span>
     <span class='ocr_line' id='line_1_4' title="bbox 298 300 1976 356; baseline -0.002 -16"><span class='ocrx_word' id='word_1_34' title='bbox 298 321 416 356; x_wconf 78' lang='lat' dir='ltr'>vapor.</span> <span class='ocrx_word' id='word_1_35' title='bbox 452 310 523 343; x_wconf 80' lang='lat' dir='ltr'>Nec</span> <span class='ocrx_word' id='word_1_36' title='bbox 532 308 639 343; x_wconf 86' lang='lat' dir='ltr'>obstat</span> <span class='ocrx_word' id='word_1_37' title='bbox 652 305 796 352; x_wconf 87' lang='lat' dir='ltr'>id‚quod</span> <span class='ocrx_word' id='word_1_38' title='bbox 815 304 832 339; x_wconf 69' lang='lat' dir='ltr'>a</span> <span class='ocrx_word' id='word_1_39' title='bbox 843 302 987 351; x_wconf 86' lang='lat' dir='ltr'>probatis</span> <span class='ocrx_word' id='word_1_40' title='bbox 997 300 1378 352; x_wconf 74' lang='lat' dir='ltr'>Authoribusass&#39;eritur3</span> <span class='ocrx_word' id='word_1_41' title='bbox 1403 303 1672 338; x_wconf 75' lang='lat' dir='ltr'>videlicetetetra</span> <span class='ocrx_word' id='word_1_42' title='bbox 1683 301 1763 336; x_wconf 84' lang='lat' dir='ltr'>Solis</span> <span class='ocrx_word' id='word_1_43' title='bbox 1771 305 1803 336; x_wconf 90' lang='lat' dir='ltr'>vi</span> <span class='ocrx_word' id='word_1_44' title='bbox 1815 302 1976 349; x_wconf 69' lang='lat' dir='ltr'>tepefaCta</span> 
     </span>
     <span class='ocr_line' id='line_1_5' title="bbox 297 350 1976 406; baseline -0.005 -12"><span class='ocrx_word' id='word_1_45' title='bbox 297 369 476 406; x_wconf 82' lang='lat' dir='ltr'>utrumque</span> <span class='ocrx_word' id='word_1_46' title='bbox 486 359 575 392; x_wconf 86' lang='lat' dir='ltr'>reddi</span> <span class='ocrx_word' id='word_1_47' title='bbox 587 353 741 392; x_wconf 85' lang='lat' dir='ltr'>halitum,</span> <span class='ocrx_word' id='word_1_48' title='bbox 757 355 789 389; x_wconf 88' lang='lat' dir='ltr'>id</span> <span class='ocrx_word' id='word_1_49' title='bbox 799 356 887 388; x_wconf 87' lang='lat' dir='ltr'>enim</span> <span class='ocrx_word' id='word_1_50' title='bbox 904 364 1081 399; x_wconf 85' lang='lat' dir='ltr'>propterea</span> <span class='ocrx_word' id='word_1_51' title='bbox 1096 353 1211 387; x_wconf 89' lang='lat' dir='ltr'>dicunt</span> <span class='ocrx_word' id='word_1_52' title='bbox 1222 377 1231 392; x_wconf 95' lang='lat'>,</span> <span class='ocrx_word' id='word_1_53' title='bbox 1252 351 1342 400; x_wconf 77' lang='lat' dir='ltr'>quod</span> <span class='ocrx_word' id='word_1_54' title='bbox 1354 363 1438 387; x_wconf 88' lang='lat' dir='ltr'>terra</span> <span class='ocrx_word' id='word_1_55' title='bbox 1450 356 1484 387; x_wconf 86' lang='lat'>&amp;</span> <span class='ocrx_word' id='word_1_56' title='bbox 1497 364 1580 399; x_wconf 90' lang='lat' dir='ltr'>aqua</span> <span class='ocrx_word' id='word_1_57' title='bbox 1591 350 1741 397; x_wconf 81' lang='lat' dir='ltr'>plurimis</span> <span class='ocrx_word' id='word_1_58' title='bbox 1750 353 1783 384; x_wconf 89' lang='lat' dir='ltr'>in</span> <span class='ocrx_word' id='word_1_59' title='bbox 1796 350 1876 385; x_wconf 77' lang='lat' dir='ltr'>locis</span> <span class='ocrx_word' id='word_1_60' title='bbox 1888 356 1976 386; x_wconf 79' lang='lat' dir='ltr'>&#39;mix-</span> 
     </span>
     <span class='ocr_line' id='line_1_6' title="bbox 297 400 1975 450; baseline -0.005 -8"><span class='ocrx_word' id='word_1_61' title='bbox 297 418 336 441; x_wconf 84' lang='lat' dir='ltr'>tae</span> <span class='ocrx_word' id='word_1_62' title='bbox 348 407 421 442; x_wconf 84' lang='lat' dir='ltr'>fint.</span> <span class='ocrx_word' id='word_1_63' title='bbox 471 409 548 450; x_wconf 81' lang='lat' dir='ltr'>Qua</span> <span class='ocrx_word' id='word_1_64' title='bbox 562 404 601 438; x_wconf 86' lang='lat' dir='ltr'>de</span> <span class='ocrx_word' id='word_1_65' title='bbox 619 402 710 438; x_wconf 89' lang='lat' dir='ltr'>causa</span> <span class='ocrx_word' id='word_1_66' title='bbox 720 402 770 441; x_wconf 89' lang='lat' dir='ltr'>fit,</span> <span class='ocrx_word' id='word_1_67' title='bbox 796 415 833 437; x_wconf 89' lang='lat' dir='ltr'>ut</span> <span class='ocrx_word' id='word_1_68' title='bbox 846 400 925 447; x_wconf 66' lang='lat' dir='ltr'>{aepe</span> <span class='ocrx_word' id='word_1_69' title='bbox 946 402 1160 437; x_wconf 79' lang='lat' dir='ltr'>exhalatio&amp;</span> <span class='ocrx_word' id='word_1_70' title='bbox 1175 413 1276 446; x_wconf 86' lang='lat' dir='ltr'>vapor</span> <span class='ocrx_word' id='word_1_71' title='bbox 1304 401 1381 435; x_wconf 86' lang='lat' dir='ltr'>hinc</span> <span class='ocrx_word' id='word_1_72' title='bbox 1394 403 1536 435; x_wconf 76' lang='lat' dir='ltr'>‘mixtim</span> <span class='ocrx_word' id='word_1_73' title='bbox 1558 400 1708 435; x_wconf 82' lang='lat' dir='ltr'>ferantur</span> <span class='ocrx_word' id='word_1_74' title='bbox 1726 409 1738 442; x_wconf 80' lang='lat'>3</span> <span class='ocrx_word' id='word_1_75' title='bbox 1775 403 1896 434; x_wconf 66' lang='lat' dir='ltr'>tarne-tii</span> <span class='ocrx_word' id='word_1_76' title='bbox 1918 401 1975 434; x_wconf 76' lang='lat' dir='ltr'>ubi</span> 
     </span>
     <span class='ocr_line' id='line_1_7' title="bbox 295 446 1973 500; baseline -0.005 -10"><span class='ocrx_word' id='word_1_77' title='bbox 295 458 335 490; x_wconf 79' lang='lat' dir='ltr'>ad</span> <span class='ocrx_word' id='word_1_78' title='bbox 345 457 482 491; x_wconf 85' lang='lat' dir='ltr'>mediam</span> <span class='ocrx_word' id='word_1_79' title='bbox 497 453 613 488; x_wconf 68' lang='lat' dir='ltr'>venete</span> <span class='ocrx_word' id='word_1_80' title='bbox 621 455 704 488; x_wconf 81' lang='lat' dir='ltr'>a&#39;e&#39;ris</span> <span class='ocrx_word' id='word_1_81' title='bbox 713 455 896 500; x_wconf 81' lang='lat' dir='ltr'><strong>regionem,</strong></span> <span class='ocrx_word' id='word_1_82' title='bbox 906 447 1059 486; x_wconf 75' lang='lat' dir='ltr'>societate</span> <span class='ocrx_word' id='word_1_83' title='bbox 1068 449 1192 486; x_wconf 89' lang='lat' dir='ltr'>divulsa</span> <span class='ocrx_word' id='word_1_84' title='bbox 1209 448 1401 497; x_wconf 69' lang='lat' dir='ltr'>plerumque</span> <span class='ocrx_word' id='word_1_85' title='bbox 1415 449 1561 485; x_wconf 70' lang='lat' dir='ltr'>subsistat</span> <span class='ocrx_word' id='word_1_86' title='bbox 1576 461 1690 496; x_wconf 89' lang='lat' dir='ltr'>vapor,</span> <span class='ocrx_word' id='word_1_87' title='bbox 1716 446 1881 483; x_wconf 76' lang='lat' dir='ltr'>exhalatio</span> <span class='ocrx_word' id='word_1_88' title='bbox 1893 450 1973 484; x_wconf 75' lang='lat' dir='ltr'>vero</span> 
     </span>
    </p>
   </div>
   <div class='ocr_carea' id='block_1_3' title="bbox 297 505 1972 594">
    <p class='ocr_par' dir='ltr' id='par_1_3' title="bbox 297 505 1972 594">
     <span class='ocr_line' id='line_1_8' title="bbox 297 505 649 540; baseline -0.011 0"><span class='ocrx_word' id='word_1_89' title='bbox 297 505 394 540; x_wconf 76' lang='lat' dir='ltr'>altius</span> <span class='ocrx_word' id='word_1_90' title='bbox 426 513 649 539; x_wconf 84' lang='lat' dir='ltr'>romoveatur.</span> 
     </span>
     <span class='ocr_line' id='line_1_9' title="bbox 392 517 1972 594; baseline 0.001 -8"><span class='ocrx_word' id='word_1_91' title='bbox 392 517 625 587; x_wconf 64' lang='lat' dir='ltr'>gontroverfia</span> <span class='ocrx_word' id='word_1_92' title='bbox 636 552 738 594; x_wconf 87' lang='lat' dir='ltr'>major</span> <span class='ocrx_word' id='word_1_93' title='bbox 745 551 790 585; x_wconf 90' lang='lat' dir='ltr'>est</span> <span class='ocrx_word' id='word_1_94' title='bbox 799 573 810 590; x_wconf 87' lang='lat'><em>,</em></span> <span class='ocrx_word' id='word_1_95' title='bbox 831 544 945 583; x_wconf 68' lang='lat' dir='ltr'>utrum</span> <span class='ocrx_word' id='word_1_96' title='bbox 957 547 1209 584; x_wconf 74' lang='lat' dir='ltr'>substantialiter</span> <span class='ocrx_word' id='word_1_97' title='bbox 1224 546 1381 582; x_wconf 81' lang='lat' dir='ltr'>differant</span> <span class='ocrx_word' id='word_1_98' title='bbox 1388 546 1428 582; x_wconf 89' lang='lat' dir='ltr'>ab</span> <span class='ocrx_word' id='word_1_99' title='bbox 1437 546 1606 583; x_wconf 82' lang='lat' dir='ltr'>elementis</span> <span class='ocrx_word' id='word_1_100' title='bbox 1627 553 1728 594; x_wconf 80' lang='lat' dir='ltr'>vapor</span> <span class='ocrx_word' id='word_1_101' title='bbox 1738 549 1773 582; x_wconf 70' lang='grc' dir='ltr'>ὃ(</span> <span class='ocrx_word' id='word_1_102' title='bbox 1785 545 1950 582; x_wconf 76' lang='lat' dir='ltr'>exhalatio</span> <span class='ocrx_word' id='word_1_103' title='bbox 1960 568 1972 587; x_wconf 64' lang='lat'><em>2</em></span> 
     </span>
    </p>
   </div>
   <div class='ocr_carea' id='block_1_4' title="bbox 276 598 1971 1822">
    <p class='ocr_par' dir='ltr' id='par_1_4' title="bbox 295 598 702 647">
     <span class='ocr_line' id='line_1_10' title="bbox 295 598 702 647; baseline -0.012 -10"><span class='ocrx_word' id='word_1_104' title='bbox 295 605 394 637; x_wconf 86' lang='lat' dir='ltr'>tuiut</span> <span class='ocrx_word' id='word_1_105' title='bbox 413 600 644 647; x_wconf 79' lang='lat' dir='ltr'>respondeam,</span> <span class='ocrx_word' id='word_1_106' title='bbox 665 598 702 632; x_wconf 82' lang='lat' dir='ltr'>fit</span> 
     </span>
    </p>

    <p class='ocr_par' dir='ltr' id='par_1_5' title="bbox 284 643 1971 1185">
     <span class='ocr_line' id='line_1_11' title="bbox 388 643 1968 694; baseline -0.004 -10"><span class='ocrx_word' id='word_1_107' title='bbox 388 649 568 685; x_wconf 69' lang='lat' dir='ltr'>conclufio</span> <span class='ocrx_word' id='word_1_108' title='bbox 578 651 673 683; x_wconf 85' lang='lat' dir='ltr'>tertia</span> <span class='ocrx_word' id='word_1_109' title='bbox 685 671 695 686; x_wconf 88' lang='lat'><em>‚</em></span> <span class='ocrx_word' id='word_1_110' title='bbox 722 661 759 682; x_wconf 91' lang='lat' dir='ltr'>va</span> <span class='ocrx_word' id='word_1_111' title='bbox 768 659 825 694; x_wconf 88' lang='lat' dir='ltr'>por</span> <span class='ocrx_word' id='word_1_112' title='bbox 839 647 1048 683; x_wconf 79' lang='lat' dir='ltr'>&amp;exhalatio</span> <span class='ocrx_word' id='word_1_113' title='bbox 1060 659 1129 681; x_wconf 88' lang='lat' dir='ltr'>non</span> <span class='ocrx_word' id='word_1_114' title='bbox 1144 643 1302 680; x_wconf 82' lang='lat' dir='ltr'>differunt</span> <span class='ocrx_word' id='word_1_115' title='bbox 1312 644 1355 679; x_wconf 90' lang='lat' dir='ltr'>ab</span> <span class='ocrx_word' id='word_1_116' title='bbox 1367 645 1553 684; x_wconf 83' lang='lat' dir='ltr'>elementis,</span> <span class='ocrx_word' id='word_1_117' title='bbox 1567 654 1650 694; x_wconf 86' lang='lat' dir='ltr'>t&#39;erra</span> <span class='ocrx_word' id='word_1_118' title='bbox 1665 656 1783 692; x_wconf 83' lang='lat' dir='ltr'>nempe</span> <span class='ocrx_word' id='word_1_119' title='bbox 1794 650 1829 682; x_wconf 63' lang='grc' dir='ltr'>ε(</span> <span class='ocrx_word' id='word_1_120' title='bbox 1838 656 1937 694; x_wconf 72' lang='lat' dir='ltr'>aqua,</span> <span class='ocrx_word' id='word_1_121' title='bbox 1949 644 1968 679; x_wconf 85' lang='grc' dir='ltr'>ὲ</span> 
     </span>
     <span class='ocr_line' id='line_1_12' title="bbox 291 694 1970 745; baseline -0.004 -12"><span class='ocrx_word' id='word_1_122' title='bbox 291 699 416 745; x_wconf 85' lang='lat' dir='ltr'>quibus</span> <span class='ocrx_word' id='word_1_123' title='bbox 428 699 632 734; x_wconf 87' lang='lat' dir='ltr'>educuntur,</span> <span class='ocrx_word' id='word_1_124' title='bbox 660 695 719 730; x_wconf 83' lang='lat' dir='ltr'>nisi</span> <span class='ocrx_word' id='word_1_125' title='bbox 731 698 972 731; x_wconf 84' lang='lat' dir='ltr'>accidentaliter</span> <span class='ocrx_word' id='word_1_126' title='bbox 991 709 1109 743; x_wconf 87' lang='lat' dir='ltr'>nempe</span> <span class='ocrx_word' id='word_1_127' title='bbox 1122 700 1250 739; x_wconf 80' lang='lat' dir='ltr'>ratione</span> <span class='ocrx_word' id='word_1_128' title='bbox 1270 695 1409 734; x_wconf 80' lang='lat' dir='ltr'>caloris,</span> <span class='ocrx_word' id='word_1_129' title='bbox 1434 696 1576 729; x_wconf 86' lang='lat' dir='ltr'>raritatis</span> <span class='ocrx_word' id='word_1_130' title='bbox 1597 699 1632 729; x_wconf 73' lang='grc' dir='ltr'>δε</span> <span class='ocrx_word' id='word_1_131' title='bbox 1649 694 1790 730; x_wconf 86' lang='lat' dir='ltr'>levitatis</span> <span class='ocrx_word' id='word_1_132' title='bbox 1800 695 1970 744; x_wconf 66' lang='lat' dir='ltr'>impressae.</span> 
     </span>
     <span class='ocr_line' id='line_1_13' title="bbox 290 743 1971 793; baseline -0.004 -11"><span class='ocrx_word' id='word_1_133' title='bbox 290 750 396 785; x_wconf 84' lang='lat' dir='ltr'>Ratio</span> <span class='ocrx_word' id='word_1_134' title='bbox 408 747 452 782; x_wconf 87' lang='lat' dir='ltr'>est</span> <span class='ocrx_word' id='word_1_135' title='bbox 470 759 496 783; x_wconf 92' lang='grc' dir='ltr'>ι.</span> <span class='ocrx_word' id='word_1_136' title='bbox 510 750 587 793; x_wconf 83' lang='lat' dir='ltr'>quia</span> <span class='ocrx_word' id='word_1_137' title='bbox 601 745 649 780; x_wconf 88' lang='lat' dir='ltr'>illi</span> <span class='ocrx_word' id='word_1_138' title='bbox 660 745 779 780; x_wconf 87' lang='lat' dir='ltr'>halitus</span> <span class='ocrx_word' id='word_1_139' title='bbox 788 744 883 781; x_wconf 74' lang='lat' dir='ltr'>facil-e</span> <span class='ocrx_word' id='word_1_140' title='bbox 890 749 1010 781; x_wconf 86' lang='lat' dir='ltr'>iterum</span> <span class='ocrx_word' id='word_1_141' title='bbox 1020 748 1054 779; x_wconf 90' lang='lat' dir='ltr'>in</span> <span class='ocrx_word' id='word_1_142' title='bbox 1064 745 1265 779; x_wconf 85' lang='lat' dir='ltr'>elementum</span> <span class='ocrx_word' id='word_1_143' title='bbox 1277 744 1577 782; x_wconf 84' lang='lat' dir='ltr'>resolvuntut,nam</span> <span class='ocrx_word' id='word_1_144' title='bbox 1593 743 1613 777; x_wconf 82' lang='lat' dir='ltr'>si</span> <span class='ocrx_word' id='word_1_145' title='bbox 1625 743 1699 777; x_wconf 85' lang='lat' dir='ltr'>011ae</span> <span class='ocrx_word' id='word_1_146' title='bbox 1709 743 1861 780; x_wconf 86' lang='lat' dir='ltr'>bullienti</span> <span class='ocrx_word' id='word_1_147' title='bbox 1872 756 1971 790; x_wconf 89' lang='lat' dir='ltr'>oper-</span> 
     </span>
     <span class='ocr_line' id='line_1_14' title="bbox 291 792 1970 842; baseline -0.001 -12"><span class='ocrx_word' id='word_1_148' title='bbox 291 796 403 830; x_wconf 88' lang='lat' dir='ltr'>culum</span> <span class='ocrx_word' id='word_1_149' title='bbox 416 819 426 835; x_wconf 88' lang='lat'>‚</span> <span class='ocrx_word' id='word_1_150' title='bbox 452 796 504 830; x_wconf 91' lang='lat' dir='ltr'>vel</span> <span class='ocrx_word' id='word_1_151' title='bbox 515 795 661 830; x_wconf 78' lang='lat' dir='ltr'>camdem</span> <span class='ocrx_word' id='word_1_152' title='bbox 687 797 850 841; x_wconf 83' lang='lat' dir='ltr'>imponas,</span> <span class='ocrx_word' id='word_1_153' title='bbox 881 805 1016 842; x_wconf 86' lang='lat' dir='ltr'>vapores</span> <span class='ocrx_word' id='word_1_154' title='bbox 1034 792 1286 829; x_wconf 71' lang='lat' dir='ltr'>colleffitursus</span> <span class='ocrx_word' id='word_1_155' title='bbox 1296 796 1329 827; x_wconf 91' lang='lat' dir='ltr'>in</span> <span class='ocrx_word' id='word_1_156' title='bbox 1339 804 1449 842; x_wconf 86' lang='lat' dir='ltr'>guttas</span> <span class='ocrx_word' id='word_1_157' title='bbox 1458 792 1654 831; x_wconf 83' lang='lat' dir='ltr'>coalescunt,</span> <span class='ocrx_word' id='word_1_158' title='bbox 1665 805 1835 839; x_wconf 86' lang='lat' dir='ltr'>argentum</span> <span class='ocrx_word' id='word_1_159' title='bbox 1856 796 1970 829; x_wconf 87' lang='lat' dir='ltr'>vivum</span> 
     </span>
     <span class='ocr_line' id='line_1_15' title="bbox 290 840 1969 891; baseline -0.001 -13"><span class='ocrx_word' id='word_1_160' title='bbox 290 845 362 879; x_wconf 75' lang='lat' dir='ltr'>vale</span> <span class='ocrx_word' id='word_1_161' title='bbox 370 856 486 891; x_wconf 87' lang='lat' dir='ltr'>aperto</span> <span class='ocrx_word' id='word_1_162' title='bbox 498 845 661 879; x_wconf 89' lang='lat' dir='ltr'>inclusum</span> <span class='ocrx_word' id='word_1_163' title='bbox 673 844 855 890; x_wconf 63' lang='lat' dir='ltr'>rumpatur,</span> <span class='ocrx_word' id='word_1_164' title='bbox 882 848 913 878; x_wconf 73' lang='grc' dir='ltr'>δε</span> <span class='ocrx_word' id='word_1_165' title='bbox 926 848 960 878; x_wconf 87' lang='lat' dir='ltr'>in</span> <span class='ocrx_word' id='word_1_166' title='bbox 972 842 1103 878; x_wconf 89' lang='lat' dir='ltr'>fumum</span> <span class='ocrx_word' id='word_1_167' title='bbox 1114 843 1205 887; x_wconf 84' lang='lat' dir='ltr'>abit3</span> <span class='ocrx_word' id='word_1_168' title='bbox 1239 840 1400 878; x_wconf 83' lang='lat' dir='ltr'>servatum</span> <span class='ocrx_word' id='word_1_169' title='bbox 1415 842 1493 877; x_wconf 77' lang='lat' dir='ltr'>vero</span> <span class='ocrx_word' id='word_1_170' title='bbox 1512 844 1547 875; x_wconf 92' lang='lat' dir='ltr'>in</span> <span class='ocrx_word' id='word_1_171' title='bbox 1558 853 1674 888; x_wconf 89' lang='lat' dir='ltr'>operto</span> <span class='ocrx_word' id='word_1_172' title='bbox 1685 847 1754 876; x_wconf 79' lang='lat' dir='ltr'>vale</span> <span class='ocrx_word' id='word_1_173' title='bbox 1768 856 1836 879; x_wconf 87' lang='lat' dir='ltr'>non</span> <span class='ocrx_word' id='word_1_174' title='bbox 1857 846 1969 877; x_wconf 79' lang='lat' dir='ltr'>minu-</span> 
     </span>
     <span class='ocr_line' id='line_1_16' title="bbox 289 889 1970 939; baseline -0.001 -11"><span class='ocrx_word' id='word_1_175' title='bbox 289 897 356 928; x_wconf 87' lang='lat' dir='ltr'>itur</span> <span class='ocrx_word' id='word_1_176' title='bbox 368 907 423 939; x_wconf 88' lang='lat' dir='ltr'>per</span> <span class='ocrx_word' id='word_1_177' title='bbox 433 895 516 928; x_wconf 83' lang='lat' dir='ltr'>duos</span> <span class='ocrx_word' id='word_1_178' title='bbox 525 903 651 936; x_wconf 88' lang='lat' dir='ltr'>annos;</span> <span class='ocrx_word' id='word_1_179' title='bbox 669 893 789 935; x_wconf 85' lang='lat' dir='ltr'>thuris,</span> <span class='ocrx_word' id='word_1_180' title='bbox 810 891 973 939; x_wconf 85' lang='lat' dir='ltr'>sulphuris</span> <span class='ocrx_word' id='word_1_181' title='bbox 985 896 1017 926; x_wconf 64' lang='grc' dir='ltr'>ὃς</span> <span class='ocrx_word' id='word_1_182' title='bbox 1026 893 1165 927; x_wconf 87' lang='lat' dir='ltr'>aliorum</span> <span class='ocrx_word' id='word_1_183' title='bbox 1177 892 1387 927; x_wconf 86' lang='lat' dir='ltr'>mineralium</span> <span class='ocrx_word' id='word_1_184' title='bbox 1407 889 1634 925; x_wconf 82' lang='lat' dir='ltr'>exhalationes</span> <span class='ocrx_word' id='word_1_185' title='bbox 1644 914 1653 929; x_wconf 85' lang='lat'>‚</span> <span class='ocrx_word' id='word_1_186' title='bbox 1693 898 1836 926; x_wconf 77' lang='lat' dir='ltr'>veterem</span> <span class='ocrx_word' id='word_1_187' title='bbox 1864 893 1970 939; x_wconf 82' lang='lat' dir='ltr'>speci-</span> 
     </span>
     <span class='ocr_line' id='line_1_17' title="bbox 288 939 1967 988; baseline -0.001 -11"><span class='ocrx_word' id='word_1_188' title='bbox 288 955 340 977; x_wconf 86' lang='lat' dir='ltr'>em</span> <span class='ocrx_word' id='word_1_189' title='bbox 354 944 499 980; x_wconf 82' lang='lat' dir='ltr'>servant,</span> <span class='ocrx_word' id='word_1_190' title='bbox 524 942 603 988; x_wconf 68' lang='lat' dir='ltr'>ergo</span> <span class='ocrx_word' id='word_1_191' title='bbox 619 941 739 976; x_wconf 85' lang='lat' dir='ltr'>halitus</span> <span class='ocrx_word' id='word_1_192' title='bbox 752 943 802 975; x_wconf 84' lang='lat' dir='ltr'>isti</span> <span class='ocrx_word' id='word_1_193' title='bbox 817 954 856 975; x_wconf 85' lang='lat' dir='ltr'>ex</span> <span class='ocrx_word' id='word_1_194' title='bbox 871 954 954 976; x_wconf 84' lang='lat' dir='ltr'>terra</span> <span class='ocrx_word' id='word_1_195' title='bbox 965 945 998 975; x_wconf 73' lang='grc' dir='ltr'>δε</span> <span class='ocrx_word' id='word_1_196' title='bbox 1008 954 1093 988; x_wconf 88' lang='lat' dir='ltr'>aqua</span> <span class='ocrx_word' id='word_1_197' title='bbox 1106 940 1251 979; x_wconf 85' lang='lat' dir='ltr'>resoluti,</span> <span class='ocrx_word' id='word_1_198' title='bbox 1261 939 1397 987; x_wconf 85' lang='lat' dir='ltr'>speciem</span> <span class='ocrx_word' id='word_1_199' title='bbox 1412 939 1540 974; x_wconf 88' lang='lat' dir='ltr'>servant</span> <span class='ocrx_word' id='word_1_200' title='bbox 1549 952 1639 984; x_wconf 85' lang='lat' dir='ltr'>aquae</span> <span class='ocrx_word' id='word_1_201' title='bbox 1650 952 1687 973; x_wconf 85' lang='lat' dir='ltr'>ac</span> <span class='ocrx_word' id='word_1_202' title='bbox 1697 950 1798 980; x_wconf 77' lang='lat' dir='ltr'>terrae.</span> <span class='ocrx_word' id='word_1_203' title='bbox 1845 945 1967 988; x_wconf 82' lang='lat' dir='ltr'>Neque</span> 
     </span>
     <span class='ocr_line' id='line_1_18' title="bbox 289 988 1970 1038; baseline -0.001 -13"><span class='ocrx_word' id='word_1_204' title='bbox 289 994 377 1025; x_wconf 87' lang='lat' dir='ltr'>enirn</span> <span class='ocrx_word' id='word_1_205' title='bbox 391 992 453 1026; x_wconf 91' lang='lat' dir='ltr'>hoc</span> <span class='ocrx_word' id='word_1_206' title='bbox 464 991 500 1025; x_wconf 88' lang='lat' dir='ltr'>fit</span> <span class='ocrx_word' id='word_1_207' title='bbox 511 1004 597 1025; x_wconf 82' lang='lat' dir='ltr'>exeo</span> <span class='ocrx_word' id='word_1_208' title='bbox 608 1014 616 1028; x_wconf 85' lang='lat'>,</span> <span class='ocrx_word' id='word_1_209' title='bbox 636 990 725 1038; x_wconf 71' lang='lat' dir='ltr'>quod</span> <span class='ocrx_word' id='word_1_210' title='bbox 740 991 903 1024; x_wconf 78' lang='lat' dir='ltr'>elementa</span> <span class='ocrx_word' id='word_1_211' title='bbox 919 1003 959 1024; x_wconf 85' lang='lat' dir='ltr'>ex</span> <span class='ocrx_word' id='word_1_212' title='bbox 973 989 1262 1037; x_wconf 84' lang='lat' dir='ltr'>illisgenerentut‚</span> <span class='ocrx_word' id='word_1_213' title='bbox 1293 989 1345 1024; x_wconf 88' lang='lat' dir='ltr'>sed</span> <span class='ocrx_word' id='word_1_214' title='bbox 1367 993 1479 1037; x_wconf 84' lang='lat' dir='ltr'>potius</span> <span class='ocrx_word' id='word_1_215' title='bbox 1496 988 1586 1035; x_wconf 75' lang='lat' dir='ltr'>quod</span> <span class='ocrx_word' id='word_1_216' title='bbox 1597 988 1644 1022; x_wconf 89' lang='lat' dir='ltr'>illi</span> <span class='ocrx_word' id='word_1_217' title='bbox 1655 991 1689 1022; x_wconf 90' lang='lat' dir='ltr'>in</span> <span class='ocrx_word' id='word_1_218' title='bbox 1699 988 1728 1022; x_wconf 89' lang='lat' dir='ltr'>se</span> <span class='ocrx_word' id='word_1_219' title='bbox 1746 989 1873 1025; x_wconf 85' lang='lat' dir='ltr'>servent</span> <span class='ocrx_word' id='word_1_220' title='bbox 1889 1003 1970 1024; x_wconf 86' lang='lat' dir='ltr'>ean-</span> 
     </span>
     <span class='ocr_line' id='line_1_19' title="bbox 288 1037 1967 1085; baseline 0 -11"><span class='ocrx_word' id='word_1_221' title='bbox 288 1041 361 1074; x_wconf 85' lang='lat' dir='ltr'>dem</span> <span class='ocrx_word' id='word_1_222' title='bbox 375 1040 612 1075; x_wconf 77' lang='lat' dir='ltr'>elementorum</span> <span class='ocrx_word' id='word_1_223' title='bbox 624 1051 789 1077; x_wconf 78' lang='lat' dir='ltr'>naturam.</span> <span class='ocrx_word' id='word_1_224' title='bbox 818 1043 853 1074; x_wconf 67' lang='grc' dir='ltr'>ὃς</span> <span class='ocrx_word' id='word_1_225' title='bbox 864 1042 897 1073; x_wconf 88' lang='lat' dir='ltr'>in</span> <span class='ocrx_word' id='word_1_226' title='bbox 909 1039 1068 1073; x_wconf 84' lang='lat' dir='ltr'>elementa</span> <span class='ocrx_word' id='word_1_227' title='bbox 1084 1039 1298 1074; x_wconf 86' lang='lat' dir='ltr'>resolvantur.</span> <span class='ocrx_word' id='word_1_228' title='bbox 1347 1037 1510 1076; x_wconf 76' lang='lat' dir='ltr'>secundo,</span> <span class='ocrx_word' id='word_1_229' title='bbox 1520 1041 1596 1085; x_wconf 85' lang='lat' dir='ltr'>quia</span> <span class='ocrx_word' id='word_1_230' title='bbox 1608 1050 1742 1083; x_wconf 84' lang='lat' dir='ltr'>vapores</span> <span class='ocrx_word' id='word_1_231' title='bbox 1754 1040 1785 1073; x_wconf 88' lang='lat' dir='ltr'>hi</span> <span class='ocrx_word' id='word_1_232' title='bbox 1797 1040 1838 1073; x_wconf 86' lang='lat' dir='ltr'>ad</span> <span class='ocrx_word' id='word_1_233' title='bbox 1850 1040 1967 1074; x_wconf 86' lang='lat' dir='ltr'>secun-</span> 
     </span>
     <span class='ocr_line' id='line_1_20' title="bbox 286 1087 1967 1136; baseline 0 -13"><span class='ocrx_word' id='word_1_234' title='bbox 286 1091 361 1123; x_wconf 79' lang='lat' dir='ltr'>dam</span> <span class='ocrx_word' id='word_1_235' title='bbox 372 1091 452 1123; x_wconf 60' lang='lat' dir='ltr'>airis</span> <span class='ocrx_word' id='word_1_236' title='bbox 464 1092 631 1135; x_wconf 81' lang='lat' dir='ltr'>regionem</span> <span class='ocrx_word' id='word_1_237' title='bbox 645 1087 742 1122; x_wconf 89' lang='lat' dir='ltr'>delati</span> <span class='ocrx_word' id='word_1_238' title='bbox 759 1088 917 1136; x_wconf 88' lang='lat' dir='ltr'>paulatim</span> <span class='ocrx_word' id='word_1_239' title='bbox 928 1091 957 1122; x_wconf 80' lang='lat' dir='ltr'>ie</span> <span class='ocrx_word' id='word_1_240' title='bbox 965 1089 1003 1122; x_wconf 84' lang='lat' dir='ltr'>ad</span> <span class='ocrx_word' id='word_1_241' title='bbox 1018 1092 1166 1123; x_wconf 86' lang='lat' dir='ltr'>nativum</span> <span class='ocrx_word' id='word_1_242' title='bbox 1179 1087 1284 1135; x_wconf 85' lang='lat' dir='ltr'>frigus</span> <span class='ocrx_word' id='word_1_243' title='bbox 1294 1090 1468 1126; x_wconf 84' lang='lat' dir='ltr'>reducunt,</span> <span class='ocrx_word' id='word_1_244' title='bbox 1494 1089 1575 1121; x_wconf 86' lang='lat' dir='ltr'>&amp;in</span> <span class='ocrx_word' id='word_1_245' title='bbox 1588 1098 1699 1133; x_wconf 77' lang='lat' dir='ltr'>guttas</span> <span class='ocrx_word' id='word_1_246' title='bbox 1710 1087 1856 1126; x_wconf 90' lang='lat' dir='ltr'>resoluti,</span> <span class='ocrx_word' id='word_1_247' title='bbox 1885 1092 1967 1123; x_wconf 90' lang='lat' dir='ltr'>reci-</span> 
     </span>
     <span class='ocr_line' id='line_1_21' title="bbox 284 1134 1967 1185; baseline 0.001 -14"><span class='ocrx_word' id='word_1_248' title='bbox 284 1139 377 1172; x_wconf 80' lang='lat' dir='ltr'>dunt.</span> <span class='ocrx_word' id='word_1_249' title='bbox 391 1143 424 1173; x_wconf 87' lang='lat'>&amp;</span> <span class='ocrx_word' id='word_1_250' title='bbox 436 1150 555 1172; x_wconf 77' lang='lat' dir='ltr'>terram</span> <span class='ocrx_word' id='word_1_251' title='bbox 569 1137 758 1185; x_wconf 83' lang='lat' dir='ltr'>perpluunt.</span> <span class='ocrx_word' id='word_1_252' title='bbox 810 1138 925 1171; x_wconf 76' lang='lat' dir='ltr'>Tertio</span> <span class='ocrx_word' id='word_1_253' title='bbox 941 1138 1085 1176; x_wconf 86' lang='lat' dir='ltr'>demum,</span> <span class='ocrx_word' id='word_1_254' title='bbox 1114 1137 1133 1171; x_wconf 83' lang='lat' dir='ltr'>fi</span> <span class='ocrx_word' id='word_1_255' title='bbox 1146 1137 1286 1172; x_wconf 86' lang='lat' dir='ltr'>obstaret</span> <span class='ocrx_word' id='word_1_256' title='bbox 1307 1137 1443 1185; x_wconf 88' lang='lat' dir='ltr'>aliquid,</span> <span class='ocrx_word' id='word_1_257' title='bbox 1455 1135 1533 1170; x_wconf 74' lang='lat' dir='ltr'>effer</span> <span class='ocrx_word' id='word_1_258' title='bbox 1550 1137 1723 1170; x_wconf 80' lang='lat' dir='ltr'>diicrimen</span> <span class='ocrx_word' id='word_1_259' title='bbox 1742 1134 1941 1183; x_wconf 88' lang='lat' dir='ltr'>qualitatum</span> <span class='ocrx_word' id='word_1_260' title='bbox 1955 1158 1967 1176; x_wconf 86' lang='lat'>‚</span> 
     </span>
    </p>

    <p class='ocr_par' dir='ltr' id='par_1_6' title="bbox 278 1184 1966 1624">
     <span class='ocr_line' id='line_1_22' title="bbox 312 1184 1966 1233; baseline -0.001 -12"><span class='ocrx_word' id='word_1_261' title='bbox 312 1200 367 1221; x_wconf 84' lang='lat' dir='ltr'>uas</span> <span class='ocrx_word' id='word_1_262' title='bbox 378 1186 521 1232; x_wconf 74' lang='lat' dir='ltr'>habent3</span> <span class='ocrx_word' id='word_1_263' title='bbox 549 1187 600 1221; x_wconf 82' lang='lat' dir='ltr'>sed</span> <span class='ocrx_word' id='word_1_264' title='bbox 612 1184 783 1220; x_wconf 83' lang='lat' dir='ltr'>discrimen</span> <span class='ocrx_word' id='word_1_265' title='bbox 796 1186 961 1232; x_wconf 80' lang='lat' dir='ltr'>qualitatis</span> <span class='ocrx_word' id='word_1_266' title='bbox 973 1186 1128 1233; x_wconf 81' lang='lat' dir='ltr'>impreffae</span> <span class='ocrx_word' id='word_1_267' title='bbox 1139 1185 1178 1219; x_wconf 89' lang='lat' dir='ltr'>ab</span> <span class='ocrx_word' id='word_1_268' title='bbox 1190 1189 1372 1221; x_wconf 71' lang='lat' dir='ltr'>extrinIeco</span> <span class='ocrx_word' id='word_1_269' title='bbox 1383 1198 1450 1220; x_wconf 90' lang='lat' dir='ltr'>non</span> <span class='ocrx_word' id='word_1_270' title='bbox 1462 1188 1568 1233; x_wconf 86' lang='lat' dir='ltr'>arguit</span> <span class='ocrx_word' id='word_1_271' title='bbox 1577 1186 1748 1220; x_wconf 79' lang='lat' dir='ltr'>dilcrimen</span> <span class='ocrx_word' id='word_1_272' title='bbox 1758 1187 1966 1220; x_wconf 67' lang='lat' dir='ltr'>&amp;distineti-</span> 
     </span>
     <span class='ocr_line' id='line_1_23' title="bbox 283 1233 1965 1283; baseline 0 -14"><span class='ocrx_word' id='word_1_273' title='bbox 283 1249 380 1270; x_wconf 85' lang='lat' dir='ltr'>onem</span> <span class='ocrx_word' id='word_1_274' title='bbox 393 1235 773 1273; x_wconf 81' lang='lat' dir='ltr'>substantiarum,eadem</span> <span class='ocrx_word' id='word_1_275' title='bbox 783 1238 870 1269; x_wconf 87' lang='lat' dir='ltr'>enirn</span> <span class='ocrx_word' id='word_1_276' title='bbox 881 1246 964 1283; x_wconf 84' lang='lat' dir='ltr'>aqua</span> <span class='ocrx_word' id='word_1_277' title='bbox 976 1248 1015 1269; x_wconf 89' lang='lat' dir='ltr'>ex</span> <span class='ocrx_word' id='word_1_278' title='bbox 1024 1248 1138 1270; x_wconf 86' lang='lat' dir='ltr'>natura</span> <span class='ocrx_word' id='word_1_279' title='bbox 1151 1233 1203 1269; x_wconf 89' lang='lat' dir='ltr'>sua</span> <span class='ocrx_word' id='word_1_280' title='bbox 1217 1234 1351 1282; x_wconf 79' lang='lat' dir='ltr'>frigida,</span> <span class='ocrx_word' id='word_1_281' title='bbox 1375 1237 1547 1270; x_wconf 88' lang='lat' dir='ltr'>invenitur</span> <span class='ocrx_word' id='word_1_282' title='bbox 1561 1233 1745 1281; x_wconf 69' lang='lat' dir='ltr'>aliquando</span> <span class='ocrx_word' id='word_1_283' title='bbox 1757 1235 1965 1274; x_wconf 68' lang='lat' dir='ltr'>calidissima,</span> 
     </span>
     <span class='ocr_line' id='line_1_24' title="bbox 284 1283 1964 1331; baseline -0.001 -11"><span class='ocrx_word' id='word_1_284' title='bbox 284 1289 318 1320; x_wconf 59' lang='grc' dir='ltr'>ἃ</span> <span class='ocrx_word' id='word_1_285' title='bbox 332 1286 418 1319; x_wconf 76' lang='lat' dir='ltr'>idem</span> <span class='ocrx_word' id='word_1_286' title='bbox 430 1284 647 1318; x_wconf 85' lang='lat' dir='ltr'>metallumex</span> <span class='ocrx_word' id='word_1_287' title='bbox 659 1296 774 1318; x_wconf 85' lang='lat' dir='ltr'>natura</span> <span class='ocrx_word' id='word_1_288' title='bbox 786 1284 838 1318; x_wconf 80' lang='lat' dir='ltr'>sua</span> <span class='ocrx_word' id='word_1_289' title='bbox 850 1285 969 1319; x_wconf 86' lang='lat' dir='ltr'>durum</span> <span class='ocrx_word' id='word_1_290' title='bbox 987 1285 1169 1331; x_wconf 79' lang='lat' dir='ltr'>aliquando</span> <span class='ocrx_word' id='word_1_291' title='bbox 1180 1284 1331 1331; x_wconf 84' lang='lat' dir='ltr'>liquescit</span> <span class='ocrx_word' id='word_1_292' title='bbox 1346 1284 1414 1319; x_wconf 76' lang='lat' dir='ltr'>fine</span> <span class='ocrx_word' id='word_1_293' title='bbox 1426 1283 1496 1317; x_wconf 89' lang='lat' dir='ltr'>ullo</span> <span class='ocrx_word' id='word_1_294' title='bbox 1512 1284 1697 1318; x_wconf 75' lang='lat' dir='ltr'>discrimine</span> <span class='ocrx_word' id='word_1_295' title='bbox 1713 1284 1884 1323; x_wconf 74' lang='lat' dir='ltr'>essentiali,</span> <span class='ocrx_word' id='word_1_296' title='bbox 1910 1293 1964 1319; x_wconf 89' lang='lat' dir='ltr'>ut-</span> 
     </span>
     <span class='ocr_line' id='line_1_25' title="bbox 284 1331 1964 1380; baseline 0.001 -13"><span class='ocrx_word' id='word_1_297' title='bbox 284 1345 362 1380; x_wconf 85' lang='lat' dir='ltr'>pote</span> <span class='ocrx_word' id='word_1_298' title='bbox 383 1346 452 1380; x_wconf 80' lang='lat' dir='ltr'>quae</span> <span class='ocrx_word' id='word_1_299' title='bbox 468 1334 528 1366; x_wconf 83' lang='lat' dir='ltr'>hoc</span> <span class='ocrx_word' id='word_1_300' title='bbox 543 1333 664 1367; x_wconf 88' lang='lat' dir='ltr'>habent</span> <span class='ocrx_word' id='word_1_301' title='bbox 680 1332 920 1370; x_wconf 77' lang='lat' dir='ltr'>abextrinseco.</span> <span class='ocrx_word' id='word_1_302' title='bbox 971 1334 1106 1368; x_wconf 77' lang='lat' dir='ltr'>Accedit</span> <span class='ocrx_word' id='word_1_303' title='bbox 1119 1334 1347 1368; x_wconf 85' lang='lat' dir='ltr'>testimonium</span> <span class='ocrx_word' id='word_1_304' title='bbox 1365 1331 1582 1368; x_wconf 78' lang='lat' dir='ltr'>Aristotelisl.</span> <span class='ocrx_word' id='word_1_305' title='bbox 1602 1344 1667 1369; x_wconf 65' lang='lat' dir='ltr'>hc.</span> <span class='ocrx_word' id='word_1_306' title='bbox 1683 1344 1714 1373; x_wconf 85' lang='lat'>3,</span> <span class='ocrx_word' id='word_1_307' title='bbox 1741 1333 1798 1367; x_wconf 92' lang='lat' dir='ltr'>ubi</span> <span class='ocrx_word' id='word_1_308' title='bbox 1819 1333 1964 1380; x_wconf 83' lang='lat' dir='ltr'>appellat</span> 
     </span>
     <span class='ocr_line' id='line_1_26' title="bbox 281 1381 1964 1430; baseline 0 -15"><span class='ocrx_word' id='word_1_309' title='bbox 281 1395 435 1427; x_wconf 83' lang='lat' dir='ltr'>vaporem</span> <span class='ocrx_word' id='word_1_310' title='bbox 445 1403 455 1420; x_wconf 87' lang='lat'><em>,</em></span> <span class='ocrx_word' id='word_1_311' title='bbox 479 1395 571 1429; x_wconf 78' lang='lat' dir='ltr'>aquae</span> <span class='ocrx_word' id='word_1_312' title='bbox 581 1384 792 1417; x_wconf 79' lang='lat' dir='ltr'>secretionem</span> <span class='ocrx_word' id='word_1_313' title='bbox 805 1382 920 1420; x_wconf 83' lang='lat' dir='ltr'>,idest,</span> <span class='ocrx_word' id='word_1_314' title='bbox 941 1394 1046 1427; x_wconf 89' lang='lat' dir='ltr'>partes</span> <span class='ocrx_word' id='word_1_315' title='bbox 1059 1395 1149 1428; x_wconf 85' lang='lat' dir='ltr'>aquae</span> <span class='ocrx_word' id='word_1_316' title='bbox 1159 1383 1351 1430; x_wconf 69' lang='lat' dir='ltr'>segregatas.</span> <span class='ocrx_word' id='word_1_317' title='bbox 1401 1382 1498 1416; x_wconf 87' lang='lat' dir='ltr'>Unde</span> <span class='ocrx_word' id='word_1_318' title='bbox 1518 1381 1682 1416; x_wconf 87' lang='lat' dir='ltr'>concludo</span> <span class='ocrx_word' id='word_1_319' title='bbox 1693 1395 1846 1428; x_wconf 90' lang='lat' dir='ltr'>vaporem</span> <span class='ocrx_word' id='word_1_320' title='bbox 1861 1386 1894 1417; x_wconf 90' lang='lat'>&amp;</span> <span class='ocrx_word' id='word_1_321' title='bbox 1905 1395 1964 1416; x_wconf 89' lang='lat' dir='ltr'>ex-</span> 
     </span>
     <span class='ocr_line' id='line_1_27' title="bbox 281 1429 1966 1478; baseline 0.001 -14"><span class='ocrx_word' id='word_1_322' title='bbox 281 1432 484 1464; x_wconf 72' lang='lat' dir='ltr'>halationem</span> <span class='ocrx_word' id='word_1_323' title='bbox 496 1455 505 1468; x_wconf 94' lang='lat'><em>,</em></span> <span class='ocrx_word' id='word_1_324' title='bbox 536 1442 604 1465; x_wconf 86' lang='lat' dir='ltr'>tum</span> <span class='ocrx_word' id='word_1_325' title='bbox 615 1432 677 1465; x_wconf 83' lang='lat' dir='ltr'>alia</span> <span class='ocrx_word' id='word_1_326' title='bbox 690 1431 877 1475; x_wconf 85' lang='lat' dir='ltr'>hujusmodi</span> <span class='ocrx_word' id='word_1_327' title='bbox 890 1443 1034 1465; x_wconf 81' lang='lat' dir='ltr'>meteora</span> <span class='ocrx_word' id='word_1_328' title='bbox 1048 1431 1109 1465; x_wconf 82' lang='lat' dir='ltr'>effe</span> <span class='ocrx_word' id='word_1_329' title='bbox 1120 1432 1248 1465; x_wconf 69' lang='lat' dir='ltr'>tanturn</span> <span class='ocrx_word' id='word_1_330' title='bbox 1259 1434 1361 1465; x_wconf 85' lang='lat' dir='ltr'>mixta</span> <span class='ocrx_word' id='word_1_331' title='bbox 1371 1429 1577 1478; x_wconf 61' lang='lat' dir='ltr'>imperfeffl,</span> <span class='ocrx_word' id='word_1_332' title='bbox 1598 1434 1677 1477; x_wconf 89' lang='lat' dir='ltr'>quia</span> <span class='ocrx_word' id='word_1_333' title='bbox 1688 1444 1755 1465; x_wconf 90' lang='lat' dir='ltr'>non</span> <span class='ocrx_word' id='word_1_334' title='bbox 1766 1437 1966 1476; x_wconf 75' lang='lat' dir='ltr'>generantur</span> 
     </span>
     <span class='ocr_line' id='line_1_28' title="bbox 279 1479 1964 1527; baseline 0.001 -13"><span class='ocrx_word' id='word_1_335' title='bbox 279 1479 338 1514; x_wconf 76' lang='lat' dir='ltr'>niti</span> <span class='ocrx_word' id='word_1_336' title='bbox 352 1493 405 1525; x_wconf 81' lang='lat' dir='ltr'>per</span> <span class='ocrx_word' id='word_1_337' title='bbox 417 1484 727 1514; x_wconf 79' lang='lat' dir='ltr'>transmutationem</span> <span class='ocrx_word' id='word_1_338' title='bbox 738 1480 979 1514; x_wconf 81' lang='lat' dir='ltr'>accidentalem.</span> <span class='ocrx_word' id='word_1_339' title='bbox 1034 1483 1122 1515; x_wconf 86' lang='lat' dir='ltr'>Hinc</span> <span class='ocrx_word' id='word_1_340' title='bbox 1136 1483 1233 1514; x_wconf 86' lang='lat' dir='ltr'>etiarn</span> <span class='ocrx_word' id='word_1_341' title='bbox 1245 1492 1344 1527; x_wconf 92' lang='lat' dir='ltr'>vapor</span> <span class='ocrx_word' id='word_1_342' title='bbox 1353 1484 1387 1514; x_wconf 66' lang='grc' dir='ltr'>ὃς</span> <span class='ocrx_word' id='word_1_343' title='bbox 1399 1479 1566 1514; x_wconf 84' lang='lat' dir='ltr'>exhalatio</span> <span class='ocrx_word' id='word_1_344' title='bbox 1575 1479 1729 1514; x_wconf 88' lang='lat' dir='ltr'>dicuntur</span> <span class='ocrx_word' id='word_1_345' title='bbox 1737 1491 1881 1514; x_wconf 86' lang='lat' dir='ltr'>meteora</span> <span class='ocrx_word' id='word_1_346' title='bbox 1891 1483 1964 1527; x_wconf 65' lang='lat' dir='ltr'>pri-³</span> 
     </span>
     <span class='ocr_line' id='line_1_29' title="bbox 281 1528 1958 1576; baseline 0.002 -14"><span class='ocrx_word' id='word_1_347' title='bbox 281 1541 337 1562; x_wconf 66' lang='lat' dir='ltr'>mm</span> <span class='ocrx_word' id='word_1_348' title='bbox 350 1528 599 1576; x_wconf 80' lang='lat' dir='ltr'>compositionis</span> <span class='ocrx_word' id='word_1_349' title='bbox 613 1541 624 1574; x_wconf 81' lang='lat'>3</span> <span class='ocrx_word' id='word_1_350' title='bbox 652 1541 724 1576; x_wconf 87' lang='lat' dir='ltr'>quae</span> <span class='ocrx_word' id='word_1_351' title='bbox 733 1536 841 1563; x_wconf 85' lang='lat' dir='ltr'>autern</span> <span class='ocrx_word' id='word_1_352' title='bbox 856 1529 918 1563; x_wconf 87' lang='lat' dir='ltr'>alia</span> <span class='ocrx_word' id='word_1_353' title='bbox 935 1529 1018 1564; x_wconf 83' lang='lat' dir='ltr'>fiunt</span> <span class='ocrx_word' id='word_1_354' title='bbox 1032 1543 1070 1563; x_wconf 86' lang='lat' dir='ltr'>ex</span> <span class='ocrx_word' id='word_1_355' title='bbox 1081 1541 1198 1575; x_wconf 83' lang='lat' dir='ltr'>vapore</span> <span class='ocrx_word' id='word_1_356' title='bbox 1210 1533 1243 1564; x_wconf 59' lang='grc' dir='ltr'>ὃς</span> <span class='ocrx_word' id='word_1_357' title='bbox 1258 1528 1477 1569; x_wconf 85' lang='lat' dir='ltr'>exhalatione,</span> <span class='ocrx_word' id='word_1_358' title='bbox 1486 1539 1645 1563; x_wconf 87' lang='lat' dir='ltr'>vocantur</span> <span class='ocrx_word' id='word_1_359' title='bbox 1657 1541 1802 1564; x_wconf 82' lang='lat' dir='ltr'>meteora</span> <span class='ocrx_word' id='word_1_360' title='bbox 1812 1528 1958 1565; x_wconf 77' lang='lat' dir='ltr'>secunda:</span> 
     </span>
     <span class='ocr_line' id='line_1_30' title="bbox 278 1578 1125 1624; baseline -0.001 -12"><span class='ocrx_word' id='word_1_361' title='bbox 278 1578 538 1624; x_wconf 70' lang='lat' dir='ltr'>compositionis,</span> <span class='ocrx_word' id='word_1_362' title='bbox 1124 1582 1125 1585; x_wconf 76' lang='grc'>’</span> 
     </span>
    </p>

    <p class='ocr_par' dir='ltr' id='par_1_7' title="bbox 276 1624 1959 1822">
     <span class='ocr_line' id='line_1_31' title="bbox 378 1624 1959 1678; baseline 0.002 -19"><span class='ocrx_word' id='word_1_363' title='bbox 378 1631 501 1671; x_wconf 67' lang='lat' dir='ltr'>Argues</span> <span class='ocrx_word' id='word_1_364' title='bbox 512 1637 621 1660; x_wconf 84' lang='lat' dir='ltr'>tamen</span> <span class='ocrx_word' id='word_1_365' title='bbox 631 1639 744 1661; x_wconf 86' lang='lat' dir='ltr'>contra</span> <span class='ocrx_word' id='word_1_366' title='bbox 756 1626 876 1674; x_wconf 73' lang='lat' dir='ltr'>primo,</span> <span class='ocrx_word' id='word_1_367' title='bbox 895 1639 994 1673; x_wconf 89' lang='lat' dir='ltr'>vapor</span> <span class='ocrx_word' id='word_1_368' title='bbox 1018 1630 1051 1660; x_wconf 71' lang='grc' dir='ltr'>δε</span> <span class='ocrx_word' id='word_1_369' title='bbox 1064 1626 1228 1661; x_wconf 80' lang='lat' dir='ltr'>exhalatio</span> <span class='ocrx_word' id='word_1_370' title='bbox 1240 1626 1316 1662; x_wconf 78' lang='lat' dir='ltr'>sunt</span> <span class='ocrx_word' id='word_1_371' title='bbox 1327 1627 1433 1666; x_wconf 80' lang='lat' dir='ltr'>leves,</span> <span class='ocrx_word' id='word_1_372' title='bbox 1459 1630 1494 1661; x_wconf 87' lang='lat'>&amp;</span> <span class='ocrx_word' id='word_1_373' title='bbox 1506 1624 1628 1660; x_wconf 85' lang='lat' dir='ltr'>sursum</span> <span class='ocrx_word' id='word_1_374' title='bbox 1644 1625 1822 1662; x_wconf 79' lang='lat' dir='ltr'>ascendunt</span> <span class='ocrx_word' id='word_1_375' title='bbox 1839 1645 1852 1668; x_wconf 48' lang='grc' dir='ltr'>φ</span> <span class='ocrx_word' id='word_1_376' title='bbox 1867 1631 1959 1678; x_wconf 79' lang='lat' dir='ltr'>aqua¹</span> 
     </span>
     <span class='ocr_line' id='line_1_32' title="bbox 277 1674 1956 1728; baseline 0.002 -19"><span class='ocrx_word' id='word_1_377' title='bbox 277 1686 386 1710; x_wconf 84' lang='lat' dir='ltr'>aurem</span> <span class='ocrx_word' id='word_1_378' title='bbox 399 1680 430 1710; x_wconf 57' lang='grc' dir='ltr'><strong><em>ἃ</em></strong></span> <span class='ocrx_word' id='word_1_379' title='bbox 442 1684 525 1709; x_wconf 82' lang='lat' dir='ltr'>terra</span> <span class='ocrx_word' id='word_1_380' title='bbox 539 1674 610 1709; x_wconf 84' lang='lat' dir='ltr'>suut</span> <span class='ocrx_word' id='word_1_381' title='bbox 621 1677 922 1722; x_wconf 76' lang='lat' dir='ltr'>graves&amp;deoriurn</span> <span class='ocrx_word' id='word_1_382' title='bbox 935 1687 1128 1723; x_wconf 76' lang='lat' dir='ltr'>ruunt,ergo</span> <span class='ocrx_word' id='word_1_383' title='bbox 1138 1677 1384 1723; x_wconf 81' lang='lat' dir='ltr'>distinguuntur</span> <span class='ocrx_word' id='word_1_384' title='bbox 1394 1675 1569 1710; x_wconf 88' lang='lat' dir='ltr'>substantia</span> <span class='ocrx_word' id='word_1_385' title='bbox 1582 1674 1622 1709; x_wconf 87' lang='lat' dir='ltr'>ab</span> <span class='ocrx_word' id='word_1_386' title='bbox 1635 1674 1685 1709; x_wconf 81' lang='lat' dir='ltr'>his</span> <span class='ocrx_word' id='word_1_387' title='bbox 1693 1676 1956 1728; x_wconf 72' lang='lat' dir='ltr'>elementis‚quia</span> 
     </span>
     <span class='ocr_line' id='line_1_33' title="bbox 276 1723 1956 1774; baseline 0.003 -17"><span class='ocrx_word' id='word_1_388' title='bbox 276 1737 315 1757; x_wconf 86' lang='lat' dir='ltr'>ex</span> <span class='ocrx_word' id='word_1_389' title='bbox 327 1723 512 1758; x_wconf 70' lang='lat' dir='ltr'>divertitate</span> <span class='ocrx_word' id='word_1_390' title='bbox 522 1725 739 1760; x_wconf 84' lang='lat' dir='ltr'>accidentium</span> <span class='ocrx_word' id='word_1_391' title='bbox 750 1725 915 1773; x_wconf 80' lang='lat' dir='ltr'>colligitur</span> <span class='ocrx_word' id='word_1_392' title='bbox 927 1723 1092 1758; x_wconf 83' lang='lat' dir='ltr'>diverfitas</span> <span class='ocrx_word' id='word_1_393' title='bbox 1106 1724 1367 1760; x_wconf 80' lang='lat' dir='ltr'>substantiarum.</span> <span class='ocrx_word' id='word_1_394' title='bbox 1402 1723 1501 1771; x_wconf 87' lang='lat' dir='ltr'>Resp.</span> <span class='ocrx_word' id='word_1_395' title='bbox 1512 1724 1620 1772; x_wconf 73' lang='lat' dir='ltr'>primo</span> <span class='ocrx_word' id='word_1_396' title='bbox 1630 1726 1956 1774; x_wconf 81' lang='lat' dir='ltr'>negando,vaporem</span> 
     </span>
     <span class='ocr_line' id='line_1_34' title="bbox 276 1772 1954 1822; baseline 0.003 -15"><span class='ocrx_word' id='word_1_397' title='bbox 276 1776 310 1807; x_wconf 88' lang='lat'>&amp;</span> <span class='ocrx_word' id='word_1_398' title='bbox 321 1773 562 1807; x_wconf 72' lang='lat' dir='ltr'>exhalationem</span> <span class='ocrx_word' id='word_1_399' title='bbox 575 1772 636 1807; x_wconf 82' lang='lat' dir='ltr'>effe</span> <span class='ocrx_word' id='word_1_400' title='bbox 645 1776 775 1820; x_wconf 84' lang='lat' dir='ltr'>proprie</span> <span class='ocrx_word' id='word_1_401' title='bbox 787 1775 884 1812; x_wconf 88' lang='lat' dir='ltr'>leves,</span> <span class='ocrx_word' id='word_1_402' title='bbox 902 1776 977 1821; x_wconf 88' lang='lat' dir='ltr'>quia</span> <span class='ocrx_word' id='word_1_403' title='bbox 997 1785 1099 1820; x_wconf 90' lang='lat' dir='ltr'>vapor</span> <span class='ocrx_word' id='word_1_404' title='bbox 1109 1798 1118 1812; x_wconf 92' lang='lat'>‚</span> <span class='ocrx_word' id='word_1_405' title='bbox 1131 1777 1187 1822; x_wconf 88' lang='lat' dir='ltr'>qui</span> <span class='ocrx_word' id='word_1_406' title='bbox 1199 1787 1238 1808; x_wconf 90' lang='lat' dir='ltr'>ex</span> <span class='ocrx_word' id='word_1_407' title='bbox 1247 1786 1330 1821; x_wconf 86' lang='lat' dir='ltr'>aqua</span> <span class='ocrx_word' id='word_1_408' title='bbox 1343 1773 1451 1808; x_wconf 87' lang='lat' dir='ltr'>librali</span> <span class='ocrx_word' id='word_1_409' title='bbox 1464 1773 1633 1808; x_wconf 81' lang='lat' dir='ltr'>sulcitatur</span> <span class='ocrx_word' id='word_1_410' title='bbox 1646 1798 1654 1814; x_wconf 86' lang='lat'><strong>,</strong></span> <span class='ocrx_word' id='word_1_411' title='bbox 1677 1774 1699 1808; x_wconf 83' lang='lat' dir='ltr'>ii</span> <span class='ocrx_word' id='word_1_412' title='bbox 1714 1777 1800 1809; x_wconf 86' lang='lat' dir='ltr'>intra</span> <span class='ocrx_word' id='word_1_413' title='bbox 1816 1776 1954 1812; x_wconf 82' lang='lat' dir='ltr'>veficam</span> 
     </span>
    </p>
   </div>
   <div class='ocr_carea' id='block_1_5' title="bbox 261 1819 1956 3103">
    <p class='ocr_par' dir='ltr' id='par_1_8' title="bbox 273 1819 1956 2064">
     <span class='ocr_line' id='line_1_35' title="bbox 275 1819 1956 1871; baseline -0.001 -16"><span class='ocrx_word' id='word_1_414' title='bbox 275 1821 422 1868; x_wconf 79' lang='lat' dir='ltr'>aliquam</span> <span class='ocrx_word' id='word_1_415' title='bbox 435 1819 607 1856; x_wconf 83' lang='lat' dir='ltr'>conclusus</span> <span class='ocrx_word' id='word_1_416' title='bbox 617 1825 655 1854; x_wconf 92' lang='lat' dir='ltr'>ad</span> <span class='ocrx_word' id='word_1_417' title='bbox 667 1823 825 1857; x_wconf 88' lang='lat' dir='ltr'>bilancem</span> <span class='ocrx_word' id='word_1_418' title='bbox 836 1823 1283 1869; x_wconf 81' lang='lat' dir='ltr'>expenderetur.pondetaret</span> <span class='ocrx_word' id='word_1_419' title='bbox 1292 1824 1381 1870; x_wconf 76' lang='lat' dir='ltr'>aeqve</span> <span class='ocrx_word' id='word_1_420' title='bbox 1390 1823 1586 1869; x_wconf 61' lang='lat' dir='ltr'>libr5,quam</span> <span class='ocrx_word' id='word_1_421' title='bbox 1600 1822 1665 1869; x_wconf 81' lang='lat' dir='ltr'>ipsa</span> <span class='ocrx_word' id='word_1_422' title='bbox 1676 1826 1863 1871; x_wconf 90' lang='lat' dir='ltr'>aqua,unde</span> <span class='ocrx_word' id='word_1_423' title='bbox 1873 1839 1956 1860; x_wconf 86' lang='lat' dir='ltr'>con-</span> 
     </span>
     <span class='ocr_line' id='line_1_36' title="bbox 278 1870 1953 1919; baseline 0.003 -16"><span class='ocrx_word' id='word_1_424' title='bbox 278 1870 374 1905; x_wconf 79' lang='lat' dir='ltr'>ssatus</span> <span class='ocrx_word' id='word_1_425' title='bbox 385 1871 440 1904; x_wconf 89' lang='lat' dir='ltr'>est.</span> <span class='ocrx_word' id='word_1_426' title='bbox 492 1871 588 1904; x_wconf 87' lang='lat' dir='ltr'>Unde</span> <span class='ocrx_word' id='word_1_427' title='bbox 609 1882 676 1905; x_wconf 87' lang='lat' dir='ltr'>non</span> <span class='ocrx_word' id='word_1_428' title='bbox 699 1881 834 1919; x_wconf 86' lang='lat' dir='ltr'>propter</span> <span class='ocrx_word' id='word_1_429' title='bbox 850 1872 1016 1906; x_wconf 83' lang='lat' dir='ltr'>levitatem</span> <span class='ocrx_word' id='word_1_430' title='bbox 1029 1872 1169 1906; x_wconf 73' lang='lat' dir='ltr'>ascendit</span> <span class='ocrx_word' id='word_1_431' title='bbox 1183 1895 1194 1909; x_wconf 91' lang='lat'><strong>,</strong></span> <span class='ocrx_word' id='word_1_432' title='bbox 1221 1871 1271 1905; x_wconf 87' lang='lat' dir='ltr'>sed</span> <span class='ocrx_word' id='word_1_433' title='bbox 1287 1872 1408 1906; x_wconf 80' lang='lat' dir='ltr'>sursum</span> <span class='ocrx_word' id='word_1_434' title='bbox 1434 1875 1578 1905; x_wconf 76' lang='lat' dir='ltr'>truditur</span> <span class='ocrx_word' id='word_1_435' title='bbox 1597 1872 1640 1905; x_wconf 87' lang='lat' dir='ltr'>ob</span> <span class='ocrx_word' id='word_1_436' title='bbox 1662 1877 1828 1907; x_wconf 88' lang='lat' dir='ltr'>raritatem</span> <span class='ocrx_word' id='word_1_437' title='bbox 1850 1874 1953 1912; x_wconf 63' lang='lat' dir='ltr'>suat-nr</span> 
     </span>
     <span class='ocr_line' id='line_1_37' title="bbox 275 1918 1953 1968; baseline 0.004 -16"><span class='ocrx_word' id='word_1_438' title='bbox 275 1922 364 1953; x_wconf 79' lang='lat' dir='ltr'>Sicut</span> <span class='ocrx_word' id='word_1_439' title='bbox 375 1931 511 1965; x_wconf 84' lang='lat' dir='ltr'>cuprum</span> <span class='ocrx_word' id='word_1_440' title='bbox 533 1918 646 1952; x_wconf 81' lang='lat' dir='ltr'>librale</span> <span class='ocrx_word' id='word_1_441' title='bbox 658 1943 667 1957; x_wconf 85' lang='lat'><em>‚</em></span> <span class='ocrx_word' id='word_1_442' title='bbox 693 1920 714 1954; x_wconf 85' lang='lat' dir='ltr'>fi</span> <span class='ocrx_word' id='word_1_443' title='bbox 725 1923 758 1955; x_wconf 89' lang='lat' dir='ltr'>in</span> <span class='ocrx_word' id='word_1_444' title='bbox 768 1921 905 1968; x_wconf 78' lang='lat' dir='ltr'>globum</span> <span class='ocrx_word' id='word_1_445' title='bbox 917 1921 1087 1959; x_wconf 85' lang='lat' dir='ltr'>tundatur,</span> <span class='ocrx_word' id='word_1_446' title='bbox 1111 1922 1272 1967; x_wconf 86' lang='lat' dir='ltr'>mergitur</span> <span class='ocrx_word' id='word_1_447' title='bbox 1282 1948 1293 1965; x_wconf 84' lang='lat'><em>‚</em></span> <span class='ocrx_word' id='word_1_448' title='bbox 1321 1919 1342 1954; x_wconf 81' lang='lat' dir='ltr'>fi</span> <span class='ocrx_word' id='word_1_449' title='bbox 1356 1921 1479 1955; x_wconf 76' lang='lat' dir='ltr'>veroin</span> <span class='ocrx_word' id='word_1_450' title='bbox 1494 1919 1658 1955; x_wconf 84' lang='lat' dir='ltr'>lamellam</span> <span class='ocrx_word' id='word_1_451' title='bbox 1669 1933 1857 1963; x_wconf 85' lang='lat' dir='ltr'>concavam,</span> <span class='ocrx_word' id='word_1_452' title='bbox 1871 1928 1906 1958; x_wconf 91' lang='lat'>&amp;</span> <span class='ocrx_word' id='word_1_453' title='bbox 1917 1926 1953 1958; x_wconf 88' lang='lat' dir='ltr'>in</span> 
     </span>
     <span class='ocr_line' id='line_1_38' title="bbox 273 1966 1951 2021; baseline 0.002 -19"><span class='ocrx_word' id='word_1_454' title='bbox 273 1968 408 2002; x_wconf 83' lang='lat' dir='ltr'>modum</span> <span class='ocrx_word' id='word_1_455' title='bbox 420 1970 512 2002; x_wconf 85' lang='lat' dir='ltr'>navis</span> <span class='ocrx_word' id='word_1_456' title='bbox 523 1967 760 2015; x_wconf 79' lang='lat' dir='ltr'>configuratam</span> <span class='ocrx_word' id='word_1_457' title='bbox 771 1969 977 2006; x_wconf 81' lang='lat' dir='ltr'>extendatur,</span> <span class='ocrx_word' id='word_1_458' title='bbox 1006 1966 1062 2002; x_wconf 84' lang='lat' dir='ltr'>etfi</span> <span class='ocrx_word' id='word_1_459' title='bbox 1073 1970 1188 2004; x_wconf 87' lang='lat' dir='ltr'>eodem</span> <span class='ocrx_word' id='word_1_460' title='bbox 1199 1970 1303 2004; x_wconf 86' lang='lat' dir='ltr'>adhuc</span> <span class='ocrx_word' id='word_1_461' title='bbox 1321 1970 1466 2017; x_wconf 83' lang='lat' dir='ltr'>pondere</span> <span class='ocrx_word' id='word_1_462' title='bbox 1475 1971 1614 2017; x_wconf 82' lang='lat' dir='ltr'>praedita</span> <span class='ocrx_word' id='word_1_463' title='bbox 1632 1969 1671 2004; x_wconf 81' lang='lat' dir='ltr'>fit</span> <span class='ocrx_word' id='word_1_464' title='bbox 1696 1993 1707 2009; x_wconf 86' lang='lat'>‚</span> <span class='ocrx_word' id='word_1_465' title='bbox 1732 1983 1841 2006; x_wconf 89' lang='lat' dir='ltr'>tamen</span> <span class='ocrx_word' id='word_1_466' title='bbox 1860 1980 1951 2021; x_wconf 73' lang='lat' dir='ltr'>aquae‘</span> 
     </span>
     <span class='ocr_line' id='line_1_39' title="bbox 273 2016 1048 2064; baseline -0.001 -13"><span class='ocrx_word' id='word_1_467' title='bbox 273 2021 417 2054; x_wconf 81' lang='lat' dir='ltr'>innatat,</span> <span class='ocrx_word' id='word_1_468' title='bbox 443 2020 477 2051; x_wconf 88' lang='lat'>&amp;</span> <span class='ocrx_word' id='word_1_469' title='bbox 487 2016 525 2050; x_wconf 90' lang='lat' dir='ltr'>ab</span> <span class='ocrx_word' id='word_1_470' title='bbox 535 2017 647 2051; x_wconf 85' lang='lat' dir='ltr'>eadem</span> <span class='ocrx_word' id='word_1_471' title='bbox 660 2030 743 2064; x_wconf 87' lang='lat' dir='ltr'>aqua</span> <span class='ocrx_word' id='word_1_472' title='bbox 755 2017 876 2053; x_wconf 89' lang='lat' dir='ltr'>sursum</span> <span class='ocrx_word' id='word_1_473' title='bbox 894 2018 1048 2052; x_wconf 82' lang='lat' dir='ltr'>truditur.</span> 
     </span>
    </p>

    <p class='ocr_par' dir='ltr' id='par_1_9' title="bbox 269 2065 1948 2351">
     <span class='ocr_line' id='line_1_40' title="bbox 392 2065 1944 2117; baseline 0.003 -19"><span class='ocrx_word' id='word_1_474' title='bbox 392 2066 557 2110; x_wconf 83' lang='lat' dir='ltr'>Respond.</span> <span class='ocrx_word' id='word_1_475' title='bbox 573 2066 716 2101; x_wconf 76' lang='lat' dir='ltr'>secundo</span> <span class='ocrx_word' id='word_1_476' title='bbox 728 2091 737 2105; x_wconf 89' lang='lat'><em>‚</em></span> <span class='ocrx_word' id='word_1_477' title='bbox 763 2081 832 2102; x_wconf 85' lang='lat' dir='ltr'>non</span> <span class='ocrx_word' id='word_1_478' title='bbox 844 2079 883 2100; x_wconf 84' lang='lat' dir='ltr'>ex</span> <span class='ocrx_word' id='word_1_479' title='bbox 896 2065 1065 2113; x_wconf 76' lang='lat' dir='ltr'>quibusvis</span> <span class='ocrx_word' id='word_1_480' title='bbox 1088 2066 1312 2103; x_wconf 81' lang='lat' dir='ltr'>accidentibus</span> <span class='ocrx_word' id='word_1_481' title='bbox 1328 2069 1425 2102; x_wconf 78' lang='lat' dir='ltr'>etiarn</span> <span class='ocrx_word' id='word_1_482' title='bbox 1441 2066 1573 2103; x_wconf 74' lang='lat' dir='ltr'>diversis</span> <span class='ocrx_word' id='word_1_483' title='bbox 1590 2069 1757 2117; x_wconf 83' lang='lat' dir='ltr'>colligitur</span> <span class='ocrx_word' id='word_1_484' title='bbox 1775 2068 1944 2103; x_wconf 80' lang='lat' dir='ltr'>diversitas</span> 
     </span>
     <span class='ocr_line' id='line_1_41' title="bbox 270 2112 1945 2164; baseline 0.003 -17"><span class='ocrx_word' id='word_1_485' title='bbox 270 2112 416 2159; x_wconf 68' lang='lat' dir='ltr'>specifica</span> <span class='ocrx_word' id='word_1_486' title='bbox 427 2113 689 2155; x_wconf 87' lang='lat' dir='ltr'>substantiarum,</span> <span class='ocrx_word' id='word_1_487' title='bbox 716 2116 767 2150; x_wconf 80' lang='lat' dir='ltr'>sed</span> <span class='ocrx_word' id='word_1_488' title='bbox 780 2114 911 2151; x_wconf 68' lang='lat' dir='ltr'>tanturn</span> <span class='ocrx_word' id='word_1_489' title='bbox 924 2116 1022 2152; x_wconf 81' lang='lat' dir='ltr'>exiis,</span> <span class='ocrx_word' id='word_1_490' title='bbox 1048 2117 1243 2161; x_wconf 84' lang='lat' dir='ltr'>quaeinsunt</span> <span class='ocrx_word' id='word_1_491' title='bbox 1259 2116 1445 2150; x_wconf 78' lang='lat' dir='ltr'>iubstantiis</span> <span class='ocrx_word' id='word_1_492' title='bbox 1472 2139 1482 2155; x_wconf 92' lang='lat'><strong>,</strong></span> <span class='ocrx_word' id='word_1_493' title='bbox 1507 2115 1631 2164; x_wconf 84' lang='lat' dir='ltr'>semper</span> <span class='ocrx_word' id='word_1_494' title='bbox 1646 2131 1686 2152; x_wconf 87' lang='lat' dir='ltr'>ex</span> <span class='ocrx_word' id='word_1_495' title='bbox 1705 2116 1878 2151; x_wconf 78' lang='lat' dir='ltr'>intrinseca</span> <span class='ocrx_word' id='word_1_496' title='bbox 1889 2131 1945 2152; x_wconf 91' lang='lat' dir='ltr'>ea-</span> 
     </span>
     <span class='ocr_line' id='line_1_42' title="bbox 271 2162 1948 2213; baseline 0.002 -16"><span class='ocrx_word' id='word_1_497' title='bbox 271 2174 344 2197; x_wconf 88' lang='lat' dir='ltr'>rum</span> <span class='ocrx_word' id='word_1_498' title='bbox 359 2165 532 2209; x_wconf 83' lang='lat' dir='ltr'>exigentia,</span> <span class='ocrx_word' id='word_1_499' title='bbox 556 2176 622 2197; x_wconf 88' lang='lat' dir='ltr'>non</span> <span class='ocrx_word' id='word_1_500' title='bbox 636 2178 675 2199; x_wconf 84' lang='lat' dir='ltr'>ex</span> <span class='ocrx_word' id='word_1_501' title='bbox 688 2167 737 2203; x_wconf 81' lang='lat' dir='ltr'>iis,</span> <span class='ocrx_word' id='word_1_502' title='bbox 763 2179 835 2211; x_wconf 83' lang='lat' dir='ltr'>quae</span> <span class='ocrx_word' id='word_1_503' title='bbox 848 2162 957 2198; x_wconf 90' lang='lat' dir='ltr'>insunt</span> <span class='ocrx_word' id='word_1_504' title='bbox 970 2167 1190 2208; x_wconf 72' lang='lat' dir='ltr'>peraccidens,</span> <span class='ocrx_word' id='word_1_505' title='bbox 1217 2166 1257 2199; x_wconf 89' lang='lat' dir='ltr'>ab</span> <span class='ocrx_word' id='word_1_506' title='bbox 1269 2177 1385 2212; x_wconf 81' lang='lat' dir='ltr'>agente</span> <span class='ocrx_word' id='word_1_507' title='bbox 1399 2166 1583 2200; x_wconf 80' lang='lat' dir='ltr'>extrinseco</span> <span class='ocrx_word' id='word_1_508' title='bbox 1598 2179 1654 2213; x_wconf 89' lang='lat' dir='ltr'>pet</span> <span class='ocrx_word' id='word_1_509' title='bbox 1668 2170 1731 2202; x_wconf 87' lang='lat' dir='ltr'>vim</span> <span class='ocrx_word' id='word_1_510' title='bbox 1740 2167 1827 2213; x_wconf 81' lang='lat' dir='ltr'>quasi</span> <span class='ocrx_word' id='word_1_511' title='bbox 1839 2171 1948 2201; x_wconf 83' lang='lat' dir='ltr'>intro-</span> 
     </span>
     <span class='ocr_line' id='line_1_43' title="bbox 273 2211 1945 2263; baseline 0.004 -19"><span class='ocrx_word' id='word_1_512' title='bbox 273 2211 371 2245; x_wconf 55' lang='lat' dir='ltr'>duola</span> <span class='ocrx_word' id='word_1_513' title='bbox 384 2215 417 2246; x_wconf 70' lang='grc' dir='ltr'>δ(</span> <span class='ocrx_word' id='word_1_514' title='bbox 432 2211 569 2249; x_wconf 74' lang='lat' dir='ltr'>intrusa.</span> <span class='ocrx_word' id='word_1_515' title='bbox 619 2213 710 2248; x_wconf 85' lang='lat' dir='ltr'>Talis</span> <span class='ocrx_word' id='word_1_516' title='bbox 727 2215 772 2249; x_wconf 91' lang='lat' dir='ltr'>est</span> <span class='ocrx_word' id='word_1_517' title='bbox 783 2213 897 2249; x_wconf 85' lang='lat' dir='ltr'>levitas</span> <span class='ocrx_word' id='word_1_518' title='bbox 911 2216 945 2247; x_wconf 89' lang='lat'>&amp;</span> <span class='ocrx_word' id='word_1_519' title='bbox 957 2211 1047 2245; x_wconf 83' lang='lat' dir='ltr'>calor</span> <span class='ocrx_word' id='word_1_520' title='bbox 1060 2215 1281 2249; x_wconf 77' lang='lat' dir='ltr'>exhalationis</span> <span class='ocrx_word' id='word_1_521' title='bbox 1295 2219 1328 2249; x_wconf 56' lang='grc' dir='ltr'>ἃ</span> <span class='ocrx_word' id='word_1_522' title='bbox 1341 2218 1470 2263; x_wconf 81' lang='lat' dir='ltr'>vaporis</span> <span class='ocrx_word' id='word_1_523' title='bbox 1492 2238 1501 2253; x_wconf 89' lang='lat'><strong><em>‚</em></strong></span> <span class='ocrx_word' id='word_1_524' title='bbox 1529 2228 1602 2262; x_wconf 77' lang='lat' dir='ltr'>quae</span> <span class='ocrx_word' id='word_1_525' title='bbox 1614 2215 1654 2249; x_wconf 91' lang='lat' dir='ltr'>ab</span> <span class='ocrx_word' id='word_1_526' title='bbox 1667 2219 1742 2262; x_wconf 81' lang='lat' dir='ltr'>igne</span> <span class='ocrx_word' id='word_1_527' title='bbox 1759 2216 1945 2250; x_wconf 83' lang='lat' dir='ltr'>extrinseco</span> 
     </span>
     <span class='ocr_line' id='line_1_44' title="bbox 270 2259 1943 2313; baseline 0.004 -19"><span class='ocrx_word' id='word_1_528' title='bbox 270 2261 357 2295; x_wconf 80' lang='lat' dir='ltr'>Solis</span> <span class='ocrx_word' id='word_1_529' title='bbox 374 2264 408 2295; x_wconf 93' lang='lat'>&amp;</span> <span class='ocrx_word' id='word_1_530' title='bbox 429 2259 566 2294; x_wconf 81' lang='lat' dir='ltr'>aliorum</span> <span class='ocrx_word' id='word_1_531' title='bbox 581 2261 849 2299; x_wconf 65' lang='lat' dir='ltr'>calefiet-iveram</span> <span class='ocrx_word' id='word_1_532' title='bbox 875 2273 1053 2307; x_wconf 79' lang='lat' dir='ltr'>corporum</span> <span class='ocrx_word' id='word_1_533' title='bbox 1072 2264 1261 2298; x_wconf 68' lang='lat' dir='ltr'>introdud‘ta</span> <span class='ocrx_word' id='word_1_534' title='bbox 1287 2263 1361 2298; x_wconf 85' lang='lat' dir='ltr'>sunt</span> <span class='ocrx_word' id='word_1_535' title='bbox 1386 2288 1397 2302; x_wconf 86' lang='lat'>‚</span> <span class='ocrx_word' id='word_1_536' title='bbox 1422 2267 1747 2313; x_wconf 82' lang='lat' dir='ltr'>contraexigentiam</span> <span class='ocrx_word' id='word_1_537' title='bbox 1758 2265 1943 2300; x_wconf 85' lang='lat' dir='ltr'>naturalem</span> 
     </span>
     <span class='ocr_line' id='line_1_45' title="bbox 269 2308 825 2351; baseline 0.007 -8"><span class='ocrx_word' id='word_1_538' title='bbox 269 2310 384 2344; x_wconf 70' lang='lat' dir='ltr'>formae</span> <span class='ocrx_word' id='word_1_539' title='bbox 397 2308 615 2344; x_wconf 86' lang='lat' dir='ltr'>substantialis</span> <span class='ocrx_word' id='word_1_540' title='bbox 632 2313 825 2351; x_wconf 77' lang='lat' dir='ltr'>intrinsecae.</span> 
     </span>
    </p>

    <p class='ocr_par' dir='ltr' id='par_1_10' title="bbox 266 2356 1941 2833">
     <span class='ocr_line' id='line_1_46' title="bbox 367 2356 1937 2411; baseline 0.005 -20"><span class='ocrx_word' id='word_1_541' title='bbox 367 2360 492 2403; x_wconf 83' lang='lat' dir='ltr'>Argues</span> <span class='ocrx_word' id='word_1_542' title='bbox 505 2356 656 2397; x_wconf 73' lang='lat' dir='ltr'>secundo.</span> <span class='ocrx_word' id='word_1_543' title='bbox 683 2363 820 2406; x_wconf 81' lang='lat' dir='ltr'>Spiritus</span> <span class='ocrx_word' id='word_1_544' title='bbox 829 2364 961 2398; x_wconf 78' lang='lat' dir='ltr'>resoluti</span> <span class='ocrx_word' id='word_1_545' title='bbox 975 2376 1015 2397; x_wconf 83' lang='lat' dir='ltr'>ex</span> <span class='ocrx_word' id='word_1_546' title='bbox 1025 2363 1225 2398; x_wconf 84' lang='lat' dir='ltr'>animalibus</span> <span class='ocrx_word' id='word_1_547' title='bbox 1250 2388 1259 2403; x_wconf 91' lang='lat'><strong>‚</strong></span> <span class='ocrx_word' id='word_1_548' title='bbox 1290 2361 1411 2409; x_wconf 75' lang='lat' dir='ltr'>plantis</span> <span class='ocrx_word' id='word_1_549' title='bbox 1431 2366 1467 2398; x_wconf 89' lang='lat'><strong>&amp;</strong></span> <span class='ocrx_word' id='word_1_550' title='bbox 1479 2365 1550 2399; x_wconf 86' lang='lat' dir='ltr'>aliis</span> <span class='ocrx_word' id='word_1_551' title='bbox 1560 2365 1670 2399; x_wconf 77' lang='lat' dir='ltr'>mixtis</span> <span class='ocrx_word' id='word_1_552' title='bbox 1695 2386 1704 2401; x_wconf 87' lang='lat'>,</span> <span class='ocrx_word' id='word_1_553' title='bbox 1731 2363 1836 2411; x_wconf 80' lang='lat' dir='ltr'>specie</span> <span class='ocrx_word' id='word_1_554' title='bbox 1845 2362 1884 2397; x_wconf 84' lang='lat' dir='ltr'>ab</span> <span class='ocrx_word' id='word_1_555' title='bbox 1897 2365 1937 2399; x_wconf 82' lang='lat' dir='ltr'>iis</span> 
     </span>
     <span class='ocr_line' id='line_1_47' title="bbox 269 2406 1935 2461; baseline 0.004 -21"><span class='ocrx_word' id='word_1_556' title='bbox 269 2406 449 2454; x_wconf 71' lang='lat' dir='ltr'>differunt3</span> <span class='ocrx_word' id='word_1_557' title='bbox 477 2417 551 2441; x_wconf 82' lang='lat' dir='ltr'>narn</span> <span class='ocrx_word' id='word_1_558' title='bbox 563 2406 692 2453; x_wconf 83' lang='lat' dir='ltr'>spiritus</span> <span class='ocrx_word' id='word_1_559' title='bbox 702 2412 852 2446; x_wconf 85' lang='lat' dir='ltr'>animalis</span> <span class='ocrx_word' id='word_1_560' title='bbox 863 2424 931 2447; x_wconf 86' lang='lat' dir='ltr'>uon</span> <span class='ocrx_word' id='word_1_561' title='bbox 942 2412 1140 2457; x_wconf 83' lang='lat' dir='ltr'>estanimal;</span> <span class='ocrx_word' id='word_1_562' title='bbox 1167 2426 1249 2461; x_wconf 83' lang='lat' dir='ltr'>aqua</span> <span class='ocrx_word' id='word_1_563' title='bbox 1260 2413 1385 2447; x_wconf 80' lang='lat' dir='ltr'>rosacea</span> <span class='ocrx_word' id='word_1_564' title='bbox 1394 2415 1517 2448; x_wconf 84' lang='lat' dir='ltr'>nonest</span> <span class='ocrx_word' id='word_1_565' title='bbox 1527 2413 1621 2455; x_wconf 82' lang='lat' dir='ltr'>rosa;</span> <span class='ocrx_word' id='word_1_566' title='bbox 1646 2414 1759 2447; x_wconf 90' lang='lat' dir='ltr'>vinum</span> <span class='ocrx_word' id='word_1_567' title='bbox 1769 2416 1803 2447; x_wconf 89' lang='lat' dir='ltr'>in</span> <span class='ocrx_word' id='word_1_568' title='bbox 1814 2425 1935 2461; x_wconf 84' lang='lat' dir='ltr'>aquam</span> 
     </span>
     <span class='ocr_line' id='line_1_48' title="bbox 270 2455 1937 2509; baseline 0.004 -19"><span class='ocrx_word' id='word_1_569' title='bbox 270 2459 344 2490; x_wconf 83' lang='lat' dir='ltr'>virae</span> <span class='ocrx_word' id='word_1_570' title='bbox 358 2455 571 2490; x_wconf 81' lang='lat' dir='ltr'>sublimatum</span> <span class='ocrx_word' id='word_1_571' title='bbox 581 2457 697 2493; x_wconf 84' lang='lat' dir='ltr'>definit</span> <span class='ocrx_word' id='word_1_572' title='bbox 708 2459 769 2494; x_wconf 83' lang='lat' dir='ltr'>effe</span> <span class='ocrx_word' id='word_1_573' title='bbox 780 2463 908 2500; x_wconf 85' lang='lat' dir='ltr'>vinum,</span> <span class='ocrx_word' id='word_1_574' title='bbox 934 2461 1014 2508; x_wconf 72' lang='lat' dir='ltr'>ergo</span> <span class='ocrx_word' id='word_1_575' title='bbox 1024 2459 1169 2496; x_wconf 81' lang='lat' dir='ltr'>similiter</span> <span class='ocrx_word' id='word_1_576' title='bbox 1184 2462 1317 2509; x_wconf 86' lang='lat' dir='ltr'>spiritus</span> <span class='ocrx_word' id='word_1_577' title='bbox 1328 2461 1437 2495; x_wconf 64' lang='lat' dir='ltr'>educti</span> <span class='ocrx_word' id='word_1_578' title='bbox 1447 2472 1486 2497; x_wconf 75' lang='lat' dir='ltr'>eir</span> <span class='ocrx_word' id='word_1_579' title='bbox 1496 2475 1579 2509; x_wconf 89' lang='lat' dir='ltr'>aqua</span> <span class='ocrx_word' id='word_1_580' title='bbox 1589 2466 1624 2497; x_wconf 74' lang='grc' dir='ltr'>ὅτ</span> <span class='ocrx_word' id='word_1_581' title='bbox 1633 2473 1716 2496; x_wconf 90' lang='lat' dir='ltr'>terra</span> <span class='ocrx_word' id='word_1_582' title='bbox 1743 2487 1752 2501; x_wconf 88' lang='lat'>,</span> <span class='ocrx_word' id='word_1_583' title='bbox 1778 2475 1845 2496; x_wconf 90' lang='lat' dir='ltr'>non</span> <span class='ocrx_word' id='word_1_584' title='bbox 1860 2463 1937 2496; x_wconf 88' lang='lat' dir='ltr'>sunt</span> 
     </span>
     <span class='ocr_line' id='line_1_49' title="bbox 269 2505 1936 2557; baseline 0.003 -18"><span class='ocrx_word' id='word_1_585' title='bbox 269 2509 398 2552; x_wconf 84' lang='lat' dir='ltr'>aqua&amp;</span> <span class='ocrx_word' id='word_1_586' title='bbox 409 2516 505 2541; x_wconf 86' lang='lat' dir='ltr'>terra.</span> <span class='ocrx_word' id='word_1_587' title='bbox 556 2505 768 2553; x_wconf 81' lang='lat' dir='ltr'>Respondeo,</span> <span class='ocrx_word' id='word_1_588' title='bbox 793 2507 925 2545; x_wconf 84' lang='lat' dir='ltr'>Halitus</span> <span class='ocrx_word' id='word_1_589' title='bbox 939 2522 1116 2555; x_wconf 88' lang='lat' dir='ltr'>corporum</span> <span class='ocrx_word' id='word_1_590' title='bbox 1131 2514 1310 2546; x_wconf 87' lang='lat' dir='ltr'>mixtorum</span> <span class='ocrx_word' id='word_1_591' title='bbox 1323 2522 1362 2544; x_wconf 85' lang='lat' dir='ltr'>ex</span> <span class='ocrx_word' id='word_1_592' title='bbox 1378 2510 1452 2556; x_wconf 74' lang='lat' dir='ltr'>ipsis</span> <span class='ocrx_word' id='word_1_593' title='bbox 1469 2513 1604 2547; x_wconf 64' lang='lat' dir='ltr'>cauetos</span> <span class='ocrx_word' id='word_1_594' title='bbox 1628 2512 1794 2546; x_wconf 87' lang='lat' dir='ltr'>interdurn</span> <span class='ocrx_word' id='word_1_595' title='bbox 1807 2511 1847 2545; x_wconf 86' lang='lat' dir='ltr'>ab</span> <span class='ocrx_word' id='word_1_596' title='bbox 1861 2510 1936 2557; x_wconf 82' lang='lat' dir='ltr'>ipsis</span> 
     </span>
     <span class='ocr_line' id='line_1_50' title="bbox 268 2552 1941 2605; baseline 0.004 -17"><span class='ocrx_word' id='word_1_597' title='bbox 268 2553 372 2599; x_wconf 83' lang='lat' dir='ltr'>specie</span> <span class='ocrx_word' id='word_1_598' title='bbox 383 2552 523 2590; x_wconf 82' lang='lat' dir='ltr'>differre,</span> <span class='ocrx_word' id='word_1_599' title='bbox 550 2559 682 2600; x_wconf 85' lang='lat' dir='ltr'>quoties</span> <span class='ocrx_word' id='word_1_600' title='bbox 694 2557 815 2594; x_wconf 88' lang='lat' dir='ltr'>scilicet</span> <span class='ocrx_word' id='word_1_601' title='bbox 827 2572 894 2593; x_wconf 88' lang='lat' dir='ltr'>non</span> <span class='ocrx_word' id='word_1_602' title='bbox 909 2558 1002 2594; x_wconf 77' lang='lat' dir='ltr'>facile</span> <span class='ocrx_word' id='word_1_603' title='bbox 1013 2559 1143 2603; x_wconf 77' lang='lat' dir='ltr'>poliunt</span> <span class='ocrx_word' id='word_1_604' title='bbox 1156 2563 1190 2594; x_wconf 88' lang='lat' dir='ltr'>in</span> <span class='ocrx_word' id='word_1_605' title='bbox 1201 2560 1254 2595; x_wconf 91' lang='lat' dir='ltr'>illa</span> <span class='ocrx_word' id='word_1_606' title='bbox 1266 2572 1403 2605; x_wconf 86' lang='lat' dir='ltr'>corpora</span> <span class='ocrx_word' id='word_1_607' title='bbox 1414 2562 1531 2596; x_wconf 87' lang='lat' dir='ltr'>iterum</span> <span class='ocrx_word' id='word_1_608' title='bbox 1543 2560 1673 2599; x_wconf 83' lang='lat' dir='ltr'>resolvi,</span> <span class='ocrx_word' id='word_1_609' title='bbox 1701 2560 1781 2596; x_wconf 86' lang='lat' dir='ltr'>ficut</span> <span class='ocrx_word' id='word_1_610' title='bbox 1794 2559 1941 2596; x_wconf 85' lang='lat' dir='ltr'>manife-</span> 
     </span>
     <span class='ocr_line' id='line_1_51' title="bbox 266 2602 1935 2656; baseline 0.004 -19"><span class='ocrx_word' id='word_1_611' title='bbox 266 2604 353 2638; x_wconf 84' lang='lat' dir='ltr'>stum</span> <span class='ocrx_word' id='word_1_612' title='bbox 362 2603 422 2639; x_wconf 80' lang='lat' dir='ltr'>est,</span> <span class='ocrx_word' id='word_1_613' title='bbox 452 2602 543 2647; x_wconf 75' lang='lat' dir='ltr'>quod</span> <span class='ocrx_word' id='word_1_614' title='bbox 553 2602 683 2649; x_wconf 85' lang='lat' dir='ltr'>spiritus</span> <span class='ocrx_word' id='word_1_615' title='bbox 695 2608 903 2647; x_wconf 78' lang='lat' dir='ltr'>animalium,</span> <span class='ocrx_word' id='word_1_616' title='bbox 930 2607 1133 2655; x_wconf 84' lang='lat' dir='ltr'>plantarum.</span> <span class='ocrx_word' id='word_1_617' title='bbox 1159 2608 1341 2645; x_wconf 85' lang='lat' dir='ltr'>&amp;aliorum</span> <span class='ocrx_word' id='word_1_618' title='bbox 1352 2620 1420 2643; x_wconf 90' lang='lat' dir='ltr'>non</span> <span class='ocrx_word' id='word_1_619' title='bbox 1434 2611 1612 2646; x_wconf 89' lang='lat' dir='ltr'>redeantin</span> <span class='ocrx_word' id='word_1_620' title='bbox 1625 2621 1660 2643; x_wconf 84' lang='lat' dir='ltr'>ea</span> <span class='ocrx_word' id='word_1_621' title='bbox 1670 2613 1784 2649; x_wconf 84' lang='lat' dir='ltr'>mixta,</span> <span class='ocrx_word' id='word_1_622' title='bbox 1814 2611 1831 2645; x_wconf 83' lang='grc' dir='ltr'>ὲ</span> <span class='ocrx_word' id='word_1_623' title='bbox 1856 2612 1935 2656; x_wconf 84' lang='lat' dir='ltr'>qui-</span> 
     </span>
     <span class='ocr_line' id='line_1_52' title="bbox 269 2649 1934 2707; baseline 0.004 -22"><span class='ocrx_word' id='word_1_624' title='bbox 269 2652 330 2686; x_wconf 87' lang='lat' dir='ltr'>bus</span> <span class='ocrx_word' id='word_1_625' title='bbox 343 2654 407 2686; x_wconf 91' lang='lat' dir='ltr'>orti</span> <span class='ocrx_word' id='word_1_626' title='bbox 418 2649 507 2686; x_wconf 84' lang='lat' dir='ltr'>sunt.</span> <span class='ocrx_word' id='word_1_627' title='bbox 554 2653 598 2687; x_wconf 79' lang='lat' dir='ltr'>At</span> <span class='ocrx_word' id='word_1_628' title='bbox 609 2654 684 2689; x_wconf 70' lang='lat' dir='ltr'>vero</span> <span class='ocrx_word' id='word_1_629' title='bbox 697 2655 817 2692; x_wconf 89' lang='lat' dir='ltr'>halitus</span> <span class='ocrx_word' id='word_1_630' title='bbox 831 2666 1006 2704; x_wconf 86' lang='lat' dir='ltr'>corporum</span> <span class='ocrx_word' id='word_1_631' title='bbox 1017 2661 1197 2693; x_wconf 82' lang='lat' dir='ltr'>mixtorum</span> <span class='ocrx_word' id='word_1_632' title='bbox 1206 2659 1385 2705; x_wconf 88' lang='lat' dir='ltr'>aliquando</span> <span class='ocrx_word' id='word_1_633' title='bbox 1394 2658 1434 2692; x_wconf 89' lang='lat' dir='ltr'>ab</span> <span class='ocrx_word' id='word_1_634' title='bbox 1444 2659 1520 2707; x_wconf 76' lang='lat' dir='ltr'>ipfis</span> <span class='ocrx_word' id='word_1_635' title='bbox 1543 2673 1610 2695; x_wconf 89' lang='lat' dir='ltr'>non</span> <span class='ocrx_word' id='word_1_636' title='bbox 1621 2659 1784 2695; x_wconf 85' lang='lat' dir='ltr'>differunt</span> <span class='ocrx_word' id='word_1_637' title='bbox 1799 2659 1902 2703; x_wconf 80' lang='lat' dir='ltr'>{pecie</span> <span class='ocrx_word' id='word_1_638' title='bbox 1923 2682 1934 2698; x_wconf 92' lang='lat'>,</span> 
     </span>
     <span class='ocr_line' id='line_1_53' title="bbox 267 2698 1932 2753; baseline 0.005 -19"><span class='ocrx_word' id='word_1_639' title='bbox 267 2704 400 2748; x_wconf 87' lang='lat' dir='ltr'>quoties</span> <span class='ocrx_word' id='word_1_640' title='bbox 411 2702 444 2734; x_wconf 87' lang='lat' dir='ltr'>in</span> <span class='ocrx_word' id='word_1_641' title='bbox 459 2698 513 2733; x_wconf 89' lang='lat' dir='ltr'>illa</span> <span class='ocrx_word' id='word_1_642' title='bbox 524 2702 628 2737; x_wconf 85' lang='lat' dir='ltr'>redire</span> <span class='ocrx_word' id='word_1_643' title='bbox 640 2702 733 2738; x_wconf 76' lang='lat' dir='ltr'>facile</span> <span class='ocrx_word' id='word_1_644' title='bbox 743 2705 875 2753; x_wconf 80' lang='lat' dir='ltr'>possunt</span> <span class='ocrx_word' id='word_1_645' title='bbox 899 2731 909 2746; x_wconf 92' lang='lat'><em>‚</em></span> <span class='ocrx_word' id='word_1_646' title='bbox 935 2705 976 2740; x_wconf 86' lang='lat' dir='ltr'>fic</span> <span class='ocrx_word' id='word_1_647' title='bbox 990 2704 1102 2743; x_wconf 86' lang='lat' dir='ltr'>fumus</span> <span class='ocrx_word' id='word_1_648' title='bbox 1112 2711 1180 2743; x_wconf 89' lang='lat' dir='ltr'>viui</span> <span class='ocrx_word' id='word_1_649' title='bbox 1190 2710 1227 2743; x_wconf 85' lang='lat' dir='ltr'>fit</span> <span class='ocrx_word' id='word_1_650' title='bbox 1238 2710 1356 2743; x_wconf 84' lang='lat' dir='ltr'>iterum</span> <span class='ocrx_word' id='word_1_651' title='bbox 1370 2711 1486 2744; x_wconf 88' lang='lat' dir='ltr'>vinum</span> <span class='ocrx_word' id='word_1_652' title='bbox 1505 2733 1516 2748; x_wconf 96' lang='lat'>,</span> <span class='ocrx_word' id='word_1_653' title='bbox 1543 2713 1577 2744; x_wconf 68' lang='grc' dir='ltr'>ὅ(</span> <span class='ocrx_word' id='word_1_654' title='bbox 1587 2709 1702 2745; x_wconf 85' lang='lat' dir='ltr'>fumus</span> <span class='ocrx_word' id='word_1_655' title='bbox 1714 2712 1867 2743; x_wconf 85' lang='lat' dir='ltr'>Mercurii</span> <span class='ocrx_word' id='word_1_656' title='bbox 1879 2709 1932 2743; x_wconf 80' lang='lat' dir='ltr'>(eu</span> 
     </span>
     <span class='ocr_line' id='line_1_54' title="bbox 271 2747 1933 2806; baseline 0.006 -23"><span class='ocrx_word' id='word_1_657' title='bbox 271 2753 401 2806; x_wconf 75' lang='lat' dir='ltr'>argenti</span> <span class='ocrx_word' id='word_1_658' title='bbox 415 2751 492 2787; x_wconf 77' lang='lat' dir='ltr'>vivi,</span> <span class='ocrx_word' id='word_1_659' title='bbox 516 2747 583 2785; x_wconf 80' lang='lat' dir='ltr'>siin</span> <span class='ocrx_word' id='word_1_660' title='bbox 592 2752 752 2789; x_wconf 85' lang='lat' dir='ltr'>alembico</span> <span class='ocrx_word' id='word_1_661' title='bbox 763 2754 1152 2792; x_wconf 84' lang='lat' dir='ltr'>velfimiliinsttumento</span> <span class='ocrx_word' id='word_1_662' title='bbox 1170 2757 1345 2805; x_wconf 86' lang='lat' dir='ltr'>colligatur</span> <span class='ocrx_word' id='word_1_663' title='bbox 1362 2780 1374 2797; x_wconf 89' lang='lat'><strong>,</strong></span> <span class='ocrx_word' id='word_1_664' title='bbox 1399 2757 1572 2794; x_wconf 86' lang='lat' dir='ltr'>resolvitur</span> <span class='ocrx_word' id='word_1_665' title='bbox 1584 2762 1704 2795; x_wconf 90' lang='lat' dir='ltr'>iterum</span> <span class='ocrx_word' id='word_1_666' title='bbox 1715 2762 1933 2805; x_wconf 85' lang='lat' dir='ltr'>inargenrum</span> 
     </span>
     <span class='ocr_line' id='line_1_55' title="bbox 269 2810 395 2833; baseline -0.016 -1"><span class='ocrx_word' id='word_1_667' title='bbox 269 2810 395 2833; x_wconf 84' lang='lat' dir='ltr'>vivum.</span> 
     </span>
    </p>

    <p class='ocr_par' dir='ltr' id='par_1_11' title="bbox 261 2849 1935 3103">
     <span class='ocr_line' id='line_1_56' title="bbox 331 2849 1929 2907; baseline 0.008 -27"><span class='ocrx_word' id='word_1_668' title='bbox 331 2893 342 2907; x_wconf 37' lang='grc' dir='ltr'>ἱ</span> <span class='ocrx_word' id='word_1_669' title='bbox 365 2849 491 2894; x_wconf 75' lang='lat' dir='ltr'>Argues</span> <span class='ocrx_word' id='word_1_670' title='bbox 512 2849 622 2889; x_wconf 54' lang='lat' dir='ltr'>tertio⁴</span> <span class='ocrx_word' id='word_1_671' title='bbox 675 2849 786 2898; x_wconf 76' lang='lat' dir='ltr'>vapor</span> <span class='ocrx_word' id='word_1_672' title='bbox 809 2854 877 2888; x_wconf 87' lang='lat' dir='ltr'>vini</span> <span class='ocrx_word' id='word_1_673' title='bbox 900 2855 1022 2890; x_wconf 90' lang='lat' dir='ltr'>nonest</span> <span class='ocrx_word' id='word_1_674' title='bbox 1034 2858 1168 2895; x_wconf 83' lang='lat' dir='ltr'>vinum,</span> <span class='ocrx_word' id='word_1_675' title='bbox 1195 2855 1274 2890; x_wconf 67' lang='lat' dir='ltr'>alias</span> <span class='ocrx_word' id='word_1_676' title='bbox 1291 2857 1325 2890; x_wconf 90' lang='lat' dir='ltr'>in</span> <span class='ocrx_word' id='word_1_677' title='bbox 1349 2857 1418 2890; x_wconf 84' lang='lat' dir='ltr'>vini</span> <span class='ocrx_word' id='word_1_678' title='bbox 1431 2854 1608 2903; x_wconf 81' lang='lat' dir='ltr'>vaporibus</span> <span class='ocrx_word' id='word_1_679' title='bbox 1624 2855 1724 2903; x_wconf 80' lang='lat' dir='ltr'>posset</span> <span class='ocrx_word' id='word_1_680' title='bbox 1737 2856 1929 2897; x_wconf 86' lang='lat' dir='ltr'>consecrari,</span> 
     </span>
     <span class='ocr_line' id='line_1_57' title="bbox 265 2900 1932 2954; baseline 0.008 -26"><span class='ocrx_word' id='word_1_681' title='bbox 265 2907 348 2941; x_wconf 84' lang='lat' dir='ltr'>ergo</span> <span class='ocrx_word' id='word_1_682' title='bbox 360 2908 418 2953; x_wconf 81' lang='lat' dir='ltr'>nec</span> <span class='ocrx_word' id='word_1_683' title='bbox 428 2909 528 2944; x_wconf 88' lang='lat' dir='ltr'>vapor</span> <span class='ocrx_word' id='word_1_684' title='bbox 539 2912 628 2947; x_wconf 82' lang='lat' dir='ltr'>aqua:</span> <span class='ocrx_word' id='word_1_685' title='bbox 636 2900 681 2935; x_wconf 91' lang='lat' dir='ltr'>est</span> <span class='ocrx_word' id='word_1_686' title='bbox 690 2913 786 2948; x_wconf 89' lang='lat' dir='ltr'>aqua.</span> <span class='ocrx_word' id='word_1_687' title='bbox 837 2902 1033 2949; x_wconf 90' lang='lat' dir='ltr'>Respondeo</span> <span class='ocrx_word' id='word_1_688' title='bbox 1043 2903 1160 2951; x_wconf 75' lang='lat' dir='ltr'>primo,</span> <span class='ocrx_word' id='word_1_689' title='bbox 1170 2910 1260 2953; x_wconf 74' lang='lat' dir='ltr'>juxta</span> <span class='ocrx_word' id='word_1_690' title='bbox 1271 2904 1371 2951; x_wconf 73' lang='lat' dir='ltr'>paulo</span> <span class='ocrx_word' id='word_1_691' title='bbox 1381 2917 1457 2940; x_wconf 86' lang='lat' dir='ltr'>ante</span> <span class='ocrx_word' id='word_1_692' title='bbox 1467 2907 1551 2940; x_wconf 63' lang='lat' dir='ltr'>dieta</span> <span class='ocrx_word' id='word_1_693' title='bbox 1564 2908 1714 2954; x_wconf 88' lang='lat' dir='ltr'>negando</span> <span class='ocrx_word' id='word_1_694' title='bbox 1724 2908 1932 2945; x_wconf 81' lang='lat' dir='ltr'>antecedens.</span> 
     </span>
     <span class='ocr_line' id='line_1_58' title="bbox 263 2945 1930 2996; baseline 0.008 -18"><span class='ocrx_word' id='word_1_695' title='bbox 263 2955 372 2991; x_wconf 81' lang='lat' dir='ltr'>neque</span> <span class='ocrx_word' id='word_1_696' title='bbox 390 2945 465 2979; x_wconf 83' lang='lat' dir='ltr'>inde</span> <span class='ocrx_word' id='word_1_697' title='bbox 488 2957 597 2983; x_wconf 87' lang='lat' dir='ltr'>tamen</span> <span class='ocrx_word' id='word_1_698' title='bbox 617 2950 764 2996; x_wconf 75' lang='lat' dir='ltr'>(equitur</span> <span class='ocrx_word' id='word_1_699' title='bbox 780 2960 850 2988; x_wconf 86' lang='lat' dir='ltr'>eos,</span> <span class='ocrx_word' id='word_1_700' title='bbox 867 2951 928 2986; x_wconf 84' lang='lat' dir='ltr'>effe</span> <span class='ocrx_word' id='word_1_701' title='bbox 950 2952 1194 2991; x_wconf 73' lang='lat' dir='ltr'>consecrabiles.</span> <span class='ocrx_word' id='word_1_702' title='bbox 1217 2954 1291 2988; x_wconf 66' lang='lat' dir='ltr'>cum</span> <span class='ocrx_word' id='word_1_703' title='bbox 1309 2966 1376 2988; x_wconf 88' lang='lat' dir='ltr'>non</span> <span class='ocrx_word' id='word_1_704' title='bbox 1390 2954 1532 2990; x_wconf 85' lang='lat' dir='ltr'>habeant</span> <span class='ocrx_word' id='word_1_705' title='bbox 1550 2955 1688 2991; x_wconf 85' lang='lat' dir='ltr'>formam</span> <span class='ocrx_word' id='word_1_706' title='bbox 1707 2957 1776 2990; x_wconf 84' lang='lat' dir='ltr'>vini</span> <span class='ocrx_word' id='word_1_707' title='bbox 1790 2954 1930 2995; x_wconf 75' lang='lat' dir='ltr'>usualis,</span> 
     </span>
     <span class='ocr_line' id='line_1_59' title="bbox 265 2991 1934 3052; baseline 0.011 -27"><span class='ocrx_word' id='word_1_708' title='bbox 265 2994 356 3038; x_wconf 88' lang='lat' dir='ltr'>quod</span> <span class='ocrx_word' id='word_1_709' title='bbox 370 2991 586 3050; x_wconf 33' lang='lat' dir='ltr'>&#39;probabiliter</span> <span class='ocrx_word' id='word_1_710' title='bbox 603 3001 699 3033; x_wconf 87' lang='lat' dir='ltr'>etiam</span> <span class='ocrx_word' id='word_1_711' title='bbox 726 3000 843 3034; x_wconf 88' lang='lat' dir='ltr'>docent</span> <span class='ocrx_word' id='word_1_712' title='bbox 864 3001 1028 3049; x_wconf 87' lang='lat' dir='ltr'>Theologi</span> <span class='ocrx_word' id='word_1_713' title='bbox 1043 3005 1084 3038; x_wconf 91' lang='lat' dir='ltr'>de</span> <span class='ocrx_word' id='word_1_714' title='bbox 1100 3007 1179 3039; x_wconf 88' lang='lat' dir='ltr'>vino</span> <span class='ocrx_word' id='word_1_715' title='bbox 1200 3002 1310 3050; x_wconf 88' lang='lat' dir='ltr'>gelato</span> <span class='ocrx_word' id='word_1_716' title='bbox 1333 3007 1460 3051; x_wconf 83' lang='lat' dir='ltr'>&amp;aqua</span> <span class='ocrx_word' id='word_1_717' title='bbox 1470 3005 1589 3052; x_wconf 80' lang='lat' dir='ltr'>gelata,</span> <span class='ocrx_word' id='word_1_718' title='bbox 1615 3016 1769 3040; x_wconf 83' lang='lat' dir='ltr'>neutrum</span> <span class='ocrx_word' id='word_1_719' title='bbox 1782 3007 1872 3040; x_wconf 89' lang='lat' dir='ltr'>enirn</span> <span class='ocrx_word' id='word_1_720' title='bbox 1886 3006 1934 3040; x_wconf 81' lang='lat' dir='ltr'>est</span> 
     </span>
     <span class='ocr_line' id='line_1_60' title="bbox 261 3045 1935 3103; baseline 0.007 -26"><span class='ocrx_word' id='word_1_721' title='bbox 261 3054 396 3077; x_wconf 80' lang='lat' dir='ltr'>materia</span> <span class='ocrx_word' id='word_1_722' title='bbox 420 3054 495 3088; x_wconf 81' lang='lat' dir='ltr'>apta</span> <span class='ocrx_word' id='word_1_723' title='bbox 529 3045 647 3081; x_wconf 80' lang='lat' dir='ltr'>usualis</span> <span class='ocrx_word' id='word_1_724' title='bbox 684 3049 889 3085; x_wconf 80' lang='lat' dir='ltr'>Eucharistiae</span> <span class='ocrx_word' id='word_1_725' title='bbox 927 3062 984 3085; x_wconf 90' lang='lat' dir='ltr'>aut</span> <span class='ocrx_word' id='word_1_726' title='bbox 1016 3053 1169 3101; x_wconf 77' lang='lat' dir='ltr'>Baptiimi</span> <span class='ocrx_word' id='word_1_727' title='bbox 1191 3062 1203 3098; x_wconf 68' lang='grc' dir='ltr'><strong><em>ζ</em></strong></span> <span class='ocrx_word' id='word_1_728' title='bbox 1260 3051 1354 3087; x_wconf 76' lang='lat' dir='ltr'>liccet</span> <span class='ocrx_word' id='word_1_729' title='bbox 1378 3052 1417 3087; x_wconf 93' lang='lat' dir='ltr'>de</span> <span class='ocrx_word' id='word_1_730' title='bbox 1443 3057 1523 3089; x_wconf 85' lang='lat' dir='ltr'>vino</span> <span class='ocrx_word' id='word_1_731' title='bbox 1547 3054 1655 3102; x_wconf 83' lang='lat' dir='ltr'>gelato</span> <span class='ocrx_word' id='word_1_732' title='bbox 1682 3054 1785 3102; x_wconf 79' lang='lat' dir='ltr'>aliqui</span> <span class='ocrx_word' id='word_1_733' title='bbox 1810 3054 1935 3103; x_wconf 80' lang='lat' dir='ltr'>proba-</span> 
     </span>
    </p>
   </div>
   <div class='ocr_carea' id='block_1_6' title="bbox 259 3090 1930 3200">
    <p class='ocr_par' dir='ltr' id='par_1_12' title="bbox 259 3090 1930 3200">
     <span class='ocr_line' id='line_1_61' title="bbox 259 3090 1929 3151; baseline 0.002 -14"><span class='ocrx_word' id='word_1_734' title='bbox 259 3090 359 3126; x_wconf 55' lang='lat' dir='ltr'>billsss</span> <span class='ocrx_word' id='word_1_735' title='bbox 398 3096 601 3128; x_wconf 54' lang='lat' dir='ltr'>conuiuium</span> <span class='ocrx_word' id='word_1_736' title='bbox 633 3097 741 3131; x_wconf 82' lang='lat' dir='ltr'>dicant</span> <span class='ocrx_word' id='word_1_737' title='bbox 766 3121 777 3136; x_wconf 87' lang='lat'>‚</span> <span class='ocrx_word' id='word_1_738' title='bbox 826 3111 935 3148; x_wconf 87' lang='lat' dir='ltr'>neque</span> <span class='ocrx_word' id='word_1_739' title='bbox 970 3111 1078 3137; x_wconf 85' lang='lat' dir='ltr'>tamen</span> <span class='ocrx_word' id='word_1_740' title='bbox 1110 3103 1184 3137; x_wconf 76' lang='lat' dir='ltr'>ideo</span> <span class='ocrx_word' id='word_1_741' title='bbox 1220 3101 1306 3136; x_wconf 86' lang='lat' dir='ltr'>idern</span> <span class='ocrx_word' id='word_1_742' title='bbox 1336 3102 1511 3138; x_wconf 85' lang='lat' dir='ltr'>dicendum</span> <span class='ocrx_word' id='word_1_743' title='bbox 1543 3106 1583 3138; x_wconf 85' lang='lat' dir='ltr'>de</span> <span class='ocrx_word' id='word_1_744' title='bbox 1616 3104 1794 3151; x_wconf 80' lang='lat' dir='ltr'>vaporibus</span> <span class='ocrx_word' id='word_1_745' title='bbox 1821 3106 1889 3140; x_wconf 88' lang='lat' dir='ltr'>vini</span> <span class='ocrx_word' id='word_1_746' title='bbox 1915 3124 1929 3141; x_wconf 70' lang='grc' dir='ltr'><strong>ο</strong></span> 
     </span>
     <span class='ocr_line' id='line_1_62' title="bbox 1849 3164 1930 3200; baseline 0.037 -15"><span class='ocrx_word' id='word_1_747' title='bbox 1849 3164 1930 3200; x_wconf 77' lang='lat' dir='ltr'>quia</span> 
     </span>
    </p>
   </div>
  </div>
 </body>
</html>
