2060 3444
33 88 37 152 ΙΪ

606 118 1205 203 ΡΙιίΙοΓορῙιίςο-Ροίἰῑίςαί
1691 143 1778 200 173

93 205 246 255 repoffit.
296 209 427 245 Mutuis
435 208 566 246 auxiliis
583 211 876 253 constantomniag
898 225 1005 246 manus
1022 225 1147 248 manum
1160 238 1170 253 ‚
1199 211 1393 261 digittimque
1408 211 1523 262 digitus
1542 212 1649 250 abluit.
1712 216 1785 248 Nos

93 271 173 292 veto
184 257 361 304 prorsusin
385 261 480 294 nihili
503 261 619 294 statum
641 259 826 300 abiremus‚
853 262 1033 296 simutuam
1046 266 1118 309 quis
1138 275 1235 309 opem
1249 272 1405 299 auterret.
1458 266 1495 297 ln
1505 275 1682 297 commune
1700 266 1778 297 vivi>

93 320 189 351 mus,
216 319 315 340 nemo
327 306 383 341 sibi
404 307 522 343 sufficit
537 321 634 346 unus.
684 309 930 354 l'iladijuntstus
941 311 1097 349 Orestes,
1125 311 1267 358 Euryalo
1283 312 1384 345 Nisus
1406 312 1511 351 stans,
1537 315 1637 345 eriam
1650 312 1787 345 Herculi

90 357 209 389 terrori
223 357 320 393 sunt:
353 369 428 391 nam
443 370 502 391 ncc
526 356 683 392 Hercules
704 371 819 393 contra
833 361 926 397 duos.
979 359 1069 393 Cum
1092 360 1186 394 alteri
1207 371 1237 394 te
1254 363 1499 405 communicas,
1524 360 1612 395 illius
1624 359 1786 394 auxilium

92 408 201 441 ernis:
228 404 295 438 haec
307 409 398 440 enim
409 408 593 453 negotiatio
604 406 650 440 est
663 430 673 445 ,
701 411 734 441 &
745 413 946 443 cornert-ium
961 411 1159 444 animorum.
1215 408 1310 441 Nihil
1321 409 1364 442 est
1376 433 1386 447 ,
1413 411 1503 455 quod
1515 422 1582 443 non
1592 410 1701 443 alieno
1711 420 1784 454 ege-

89 454 275 492 atauxilio,
302 459 336 489 &
348 454 506 489 auxilium
520 454 656 501 poffitin
667 455 1016 503 alterumdispensare„
1067 460 1168 492 Terra
1180 457 1446 492 foecundomrea
1459 458 1702 496 coelolac‘htur,
1726 457 1781 490 sed

88 505 122 537 &
135 502 190 536 illa
201 505 279 537 huic
291 515 428 551 vapores
441 506 676 541 communicat.
728 506 800 540 Flos
811 518 896 550 terre
905 508 1058 540 decorem
1071 506 1187 541 tribuit
1203 529 1214 545 ,
1241 507 1293 540 sed
1304 506 1344 539 ab
1369 507 1425 540 isla
1441 511 1588 553 vigorem
1603 510 1732 554 accipit,
1743 510 1780 540 &

89 555 342 587 nutrimentum.
402 553 579 586 universus
600 552 689 587 orbis
717 567 904 590 mercaturae
931 555 1067 601 speciem
1088 556 1207 600 habet,
1232 555 1344 601 estque
1365 558 1516 591 amicitiae
1534 559 1786 592 commercium.

88 600 376 645 QotdiebusSol
389 602 639 645 curritpercoeli
658 604 838 644 circulum,
864 615 900 639 ut
920 605 950 637 se
971 602 1130 638 sideribus
1143 607 1386 642 communicet,
1411 608 1445 638 δε
1460 608 1626 639 interram
1644 605 1784 651 influat3

87 651 328 696 intenditque,
353 649 469 694 neipsa
481 649 642 684 elementa
663 665 811 687 mutuam
825 652 950 687 violent
961 653 1164 689 societatem.
1215 655 1254 687 Et
1274 652 1408 699 aquila,
1434 657 1648 699 quantumvis
1658 654 1783 700 praeda-

88 702 172 738 trix.
199 699 337 746 spolium
352 708 460 732 tamen
474 710 548 733 cum
558 698 630 733 aliis
641 701 779 746 dividit3
809 713 845 736 ut
864 714 946 749 quas
963 712 1080 735 natura
1095 701 1214 736 similes
1233 701 1324 743 fecit,
1349 705 1544 736 communio
1557 705 1665 738 societ.
1717 705 1784 736 Ex-

81 760 227 783 terarum
249 759 355 781 mores
370 747 542 785 aularum,
569 749 767 784 idiomatum
778 753 1004 796 participatio,
1045 753 1212 797 pcgnmdi
1230 764 1280 784 ars
1298 774 1308 789 ‚
1346 753 1502 784 mercium
1522 753 1780 798 negotiatio,ar-

87 797 442 840 morumconjunffio,
482 797 664 831 Pandoram
682 800 851 845 quandam
873 810 913 834 ex
932 797 1099 844 republica
1124 798 1266 841 saciunt3
1300 802 1334 832 in
1350 812 1448 845 quarn
1463 799 1682 846 colliguntur,
1707 812 1780 846 quae

1802 226 1974 281 VetJamb.

37 844 42 850 ²
86 850 121 882 in
132 847 211 881 alias
223 844 294 879 sunt
306 845 441 892 digesta.
478 849 550 880 Hoc
561 846 697 881 estilsud
710 851 1019 883 amicitiaearcanum
1031 871 1039 887 ‚
1066 851 1101 881 δε
1116 849 1288 882 vinculum
1306 847 1439 882 foederis
1449 871 1459 886 ‚
1485 861 1554 895 quo
1564 849 1699 895 dissepta
1710 861 1782 882 rna-

86 896 179 930 ribus
190 906 295 942 tt'gnae
307 897 492 939 junguntur
504 919 513 934 ,
537 898 636 929 veteri
650 909 754 930 novus
765 902 907 932 mundus
922 900 1077 932 sociatur.
1131 898 1244 930 Nemo
1266 898 1296 929 se
1310 898 1378 929 solo
1388 896 1501 931 beatus
1514 897 1559 931 cst
1569 922 1577 936 ‚
1604 903 1636 932 &
1646 899 1779 931 dextera

84 944 215 981 fiuistrae
225 956 323 989 opem
334 945 483 990 requirit.
535 944 656 991 Neque
666 947 820 986 eosdem,
846 959 931 993 quos
942 947 1078 979 alterum
1089 957 1229 993 regnum
1240 946 1321 978 Solis
1334 946 1476 980 influxus
1489 949 1626 992 percipit
1642 970 1650 985 ‚
1674 959 1782 992 neque

85 994 226 1043 quodvis
250 995 409 1038 repetitur
432 1006 440 1026 :
467 992 587 1040 quibus
597 993 697 1027 altera
707 1007 788 1029 terra
802 995 962 1029 mercibus
974 994 1120 1027 abundat
1130 1022 1141 1039 ‚
1167 997 1276 1028 omnis
1291 994 1447 1042 posiidet3
1477 995 1595 1029 Divisit
1605 1007 1717 1029 natura
1727 996 1782 1028 di·

86 1046 200 1081 vitias,
225 1052 261 1076 ut
273 1042 414 1076 alterum
426 1041 465 1075 ab
475 1042 578 1076 altero
590 1054 729 1087 regnum
739 1047 923 1080 mendicare
931 1055 1026 1090 cogat
1037 1064 1047 1081 ,
1071 1046 1105 1077 in
1117 1043 1217 1077 beatae
1230 1045 1413 1077 concordia:
1425 1056 1668 1089 argumentum.
1697 1042 1780 1077 Ces-

86 1091 341 1129 saretamicitia,
368 1089 430 1124 nisi
455 1091 664 1125 domesticam
688 1090 819 1127 levandi
837 1095 984 1139 inopiam
1010 1090 1177 1126 neceffitas
1193 1092 1270 1126 esset
1293 1092 1396 1138 posita
1409 1116 1419 1130 ‚
1447 1096 1478 1127 ὅ(
1496 1095 1615 1127 mutuo
1627 1105 1778 1126 commo-

83 1140 183 1176 dandi
199 1140 397 1187 indigentia.
456 1138 580 1175 stetere
589 1141 733 1187 semper,
759 1146 838 1177 &in
858 1142 939 1176 flore
954 1142 1071 1175 stetere
1081 1140 1287 1187 Respublicae
1301 1164 1310 1179 ‚
1336 1154 1408 1186 quae
1429 1154 1562 1175 manum
1573 1154 1646 1176 curn
1660 1143 1776 1175 vicinis

81 1188 243 1238 junxete3
268 1188 418 1224 imbelles
438 1192 580 1234 jacuere,
606 1203 678 1237 quae
699 1203 848 1226 mutuam
861 1191 902 1225 ab
920 1191 1040 1225 exteris
1059 1202 1158 1236 opem
1178 1202 1245 1223 non
1266 1189 1470 1236 expetivere3
1497 1202 1532 1224 ut
1549 1194 1638 1225 enim
1667 1191 1777 1237 plures

83 1239 171 1275 oculi
181 1238 275 1286 plura
289 1239 421 1278 vident,
445 1241 490 1272 ita
502 1237 609 1285 plures
619 1239 912 1274 dextraedexterius
924 1251 1115 1286 operantur.
1167 1241 1336 1272 Deseritur
1354 1240 1370 1272 ὲ
1382 1240 1518 1272 νίἂοῐίει
1530 1263 1540 1277 ,
1566 1253 1664 1287 quern
1677 1239 1778 1274 vicini

85 1287 178 1337 ptius
191 1285 360 1322 deseruere
377 1297 390 1325 t
423 1299 457 1321 at
473 1287 530 1322 ubi
551 1284 678 1322 foedera
697 1288 798 1327 stant,
825 1293 860 1324 δε
874 1291 1063 1323 animorum
1088 1290 1343 1331 commercium3
1371 1286 1671 1337 firmmrmregna,
1699 1286 1777 1320 soli·

83 1339 180 1372 datur
192 1339 321 1371 Bonum
334 1349 511 1371 commune
523 1361 533 1376 ,
561 1339 681 1371 vicinia
690 1341 842 1372 omnisin
866 1350 939 1372 tuto
954 1336 1147 1374 collocatur,
1194 1339 1280 1380 Qs
1295 1339 1385 1371 enim
1397 1336 1616 1371 firmiffimum
1628 1338 1777 1371 amicitiae
1794 1376 1796 1378 q

84 1398 217 1422 murum
229 1385 378 1425 subruet,
404 1387 482 1420 dum
496 1388 569 1420 viva
580 1388 703 1420 moenia
713 1389 1002 1422 excommunione
1020 1386 1186 1419 bonorum
1201 1389 1235 1420 ὅ(
1252 1388 1439 1419 animorum
1448 1385 1656 1432 consurgunt
1669 1386 1684 1424 ’ἱ
1705 1387 1775 1417 Non
1795 1370 1913 1417 sah-‘ff‘

83 1439 255 1472 exercitus.
281 1447 376 1481 neque
388 1436 537 1480 Thaeshuri
548 1435 678 1481 praessdia
690 1448 849 1482 regnorum
853 1437 944 1481 sunt,
968 1433 1078 1470 versun
1091 1437 1193 1468 amici.
1245 1436 1291 1470 Hi
1306 1433 1384 1468 vero
1409 1432 1644 1468 conservantur
1658 1458 1668 1474 ,
1695 1434 1776 1468 dum

81 1486 282 1521 commercia
299 1482 480 1533 foventur3
505 1485 588 1520 dum
601 1496 708 1521 mores
717 1484 886 1525 moribus,
921 1486 1040 1533 animis
1056 1486 1159 1519 animi
1178 1482 1447 1531 correspondent.
1497 1485 1562 1518 Hic
1572 1495 1686 1532 mutus
1696 1484 1778 1524 alie:

82 1546 165 1571 neus
179 1532 260 1576 esto,

574 1642 1129 1732 QUAESTro
1215 1649 1310 1718 v:

593 1749 680 1803 De
694 1749 867 1802 variis
881 1748 1040 1799 maris
1055 1744 1313 1801 Motibus.

89 1831 307 1983 NOn
322 1832 377 1868 hic
394 1831 531 1880 quaestio
540 1831 586 1869 est
595 1834 635 1868 de
650 1846 744 1869 motu
756 1858 767 1873 ,
794 1845 863 1881 quo
882 1831 1021 1879 aquaob
1031 1835 1178 1866 innatam
1191 1833 1388 1877 gravitatem
1397 1825 1553 1863 deorsum
1564 1826 1669 1863 fertur
1681 1837 1694 1874 ς
1726 1828 1785 1864 ne]

247 1893 313 1928 que
325 1882 365 1915 de
385 1885 570 1929 agitatione
590 1885 710 1921 maris,
737 1894 837 1930 quarn
860 1883 951 1915 venti
964 1879 1118 1918 causant,
1142 1892 1214 1927 quae
1226 1876 1384 1923 regularis
1393 1875 1455 1912 esse
1476 1890 1545 1912 non
1559 1878 1665 1924 potest
1675 1890 1786 1925 neque

248 1932 374 1978 semper
383 1932 499 1965 eadem
509 1955 519 1971 ,
545 1931 598 1965 sed
611 1932 651 1966 de
661 1932 733 1965 aliis
754 1929 902 1965 motibus
913 1930 955 1962 de
968 1928 1092 1975 quibus
1104 1928 1143 1963 sit

344 1978 525 2014 Conclusio
536 1983 650 2027 prima.
702 1985 818 2014 Motus
832 1974 931 2012 mari}
943 1978 1108 2023 imprimis
1128 1975 1290 2025 generalis
1307 1976 1450 2011 diredtus
1465 1974 1532 2009 five
1552 1975 1709 2010 naturalis
1721 1974 1786 2010 esse

84 2024 167 2060 solet
179 2024 220 2059 ab
231 2039 308 2062 ortu
321 2030 356 2062 in
365 2028 512 2063 occasum
531 2042 544 2075 3
568 2029 661 2076 quod
670 2029 790 2064 exinde
800 2037 887 2073 patet
898 2049 908 2066 ,
934 2029 1012 2073 quia
1026 2025 1169 2073 Hispani
1181 2050 1189 2066 ,
1215 2028 1322 2071 quiin
1336 2038 1462 2060 novum
1473 2023 1591 2059 orbem
1606 2023 1717 2058 versus
1728 2037 1788 2062 occ,

83 2076 247 2111 cidentem
259 2077 368 2112 Solem
378 2089 492 2112 euntes
508 2079 806 2112 menstruoitinere
819 2086 954 2123 portum
965 2077 1138 2122 attingunt
1153 2099 1163 2114 ,
1181 2076 1354 2109 redeuntes
1369 2075 1448 2109 vero
1466 2074 1620 2107 trimestri
1631 2085 1714 2118 opus
1725 2073 1787 2106 ha-

85 2122 180 2162 bent.
230 2127 308 2160 Item
321 2124 461 2161 Lusitani
473 2128 608 2172 trajecto
619 2130 715 2162 Bonae
730 2125 795 2173 spei
806 2126 1037 2172 promontorio
1050 2137 1183 2170 proram
1196 2124 1236 2157 ad
1249 2134 1361 2158 ortum
1380 2122 1605 2158 versusGoam
1619 2133 1787 2156 vertentes

87 2170 213 2220 (emper
221 2177 480 2223 progrediuntur
491 2175 615 2211 tardius
624 2200 634 2216 ‚
660 2175 761 2223 quim
772 2175 909 2223 quando
918 2175 994 2208 inde
1004 2177 1155 2211 redeunt.
1210 2174 1331 2207 Eodem
1342 2173 1442 2206 modo
1450 2174 1509 2219 qui
1519 2183 1559 2205 ex
1570 2171 1739 2217 Hispaniis
1750 2173 1787 2205 in

90 2220 281 2259 palestinam
297 2235 377 2259 eunt
389 2249 397 2262 ‚
417 2226 542 2259 tardius
554 2225 664 2260 multo
677 2224 890 2271 appelluntin
907 2234 1041 2269 portum
1055 2245 1065 2260 ,
1086 2223 1186 2270 quam
1197 2245 1208 2261 ,
1227 2224 1285 2268 qui
1298 2223 1374 2256 inde
1387 2227 1622 2267 revertuntur3
1657 2220 1750 2266 quod
1762 2217 1788 2254 fi

76 2303 78 2305 ,
92 2269 171 2304 νει-ὸ
187 2285 273 2307 mare
285 2285 354 2307 non
367 2285 556 2309 moveretur
566 2275 607 2309 ab
619 2277 748 2309 oriente
767 2277 802 2308 in
814 2273 1025 2307 occidentem
1047 2274 1276 2320 navigationes
1297 2271 1405 2306 versus
1417 2270 1625 2304 occidentem
1641 2281 1709 2303 non
1719 2269 1788 2304 de..

93 2317 207 2354 berem
217 2321 277 2356 esse
288 2322 486 2361 velociores:
510 2336 602 2371 ergo.

187 2371 306 2419 Neque
320 2373 407 2407 dicas
425 2385 500 2407 cum
512 2370 695 2411 Cabeolib.
708 2383 744 2410 2.
763 2371 889 2415 teX.3'6.
902 2369 1014 2417 quaest.
1032 2382 1062 2415 3.
1076 2369 1286 2404 velocitatem
1306 2370 1560 2415 navigationum
1571 2366 1787 2403 occidentali-

94 2428 152 2451 um
166 2417 338 2465 posl'eoriri
350 2434 390 2456 ex
407 2420 470 2456 alia
485 2423 576 2457 causa
589 2446 600 2461 ‚
617 2424 680 2457 hoc
693 2421 738 2456 est
748 2433 787 2454 ex
795 2433 835 2455 eo
845 2444 854 2459 ,
877 2420 970 2466 quod
982 2423 1016 2453 in
1029 2431 1155 2453 oceano
1166 2422 1254 2453 venri
1267 2417 1472 2465 impellentes
1487 2431 1575 2452 mare
1585 2422 1617 2452 in
1630 2418 1785 2452 occiden-

95 2474 187 2515 πως
211 2466 272 2502 sint
282 2468 547 2517 frequentiores.
569 2471 733 2506 firmiores
745 2493 755 2508 ‚
781 2473 814 2504 &
837 2470 1099 2503 vehementiores
1119 2480 1156 2503 ut
1171 2469 1330 2503 testantur
1345 2477 1475 2516 nautae3
1498 2480 1574 2501 nam
1591 2481 1630 2500 ex
1645 2464 1786 2511 hocipso

93 2519 358 2563 arguiturmotus
370 2523 467 2555 maris
479 2520 520 2555 ab
533 2523 661 2555 oriente
674 2523 708 2555 in
718 2518 923 2553 occidentem
935 2526 948 2565 ς
972 2529 1062 2551 mare
1073 2520 1205 2551 enimin
1219 2530 1289 2551 eam
1302 2528 1427 2562 partem
1437 2519 1583 2563 concipit
1597 2527 1739 2552 motum,
1749 2517 1786 2548 in

91 2576 192 2611 quarn
203 2564 308 2601 fertur
319 2579 450 2607 ventus,
462 2571 560 2607 unde,
571 2580 608 2604 ut
619 2569 763 2605 solvatur
774 2568 921 2614 quaestio‚
930 2567 1021 2601 reddi
1034 2566 1132 2601 debet
1143 2570 1227 2601 ratio
1237 2577 1370 2614 propter
1383 2577 1483 2613 quam
1495 2570 1528 2602 ὃ(
1544 2569 1598 2600 aer
1607 2577 1661 2610 pet
1671 2574 1788 2598 ventos

91 2618 225 2649 &mare
236 2628 434 2652 moveantur
445 2617 486 2652 ab
499 2621 626 2653 oriente
640 2621 674 2653 in
689 2618 892 2652 occidentem
903 2645 914 2663 ,
934 2628 993 2662 pro
1005 2627 1072 2661 quo
1083 2614 1120 2649 sit

189 2663 371 2700 Conclusio
384 2665 536 2702 secunda.
588 2667 721 2715 Duplex
731 2665 822 2701 causa
834 2667 929 2709 hujus
939 2676 1049 2699 motus
1061 2664 1122 2699 esse
1137 2665 1241 2712 potest
1261 2677 1269 2703 ς
1295 2668 1400 2712 prima
1411 2688 1421 2703 ‚
1448 2666 1524 2711 quia
1538 2662 1656 2696 coelum
1667 2683 1676 2697 ‚
1703 2661 1787 2696 dum

95 2725 252 2749 movetur
264 2712 305 2747 ab
315 2717 443 2750 oriente
456 2719 490 2751 in
504 2717 729 2756 occidentem,
756 2716 841 2761 rapit
857 2716 955 2749 etiam
973 2716 1085 2760 ignem
1103 2739 1118 2760 ,
1144 2716 1252 2749 ae'rem
1270 2719 1304 2749 &
1317 2726 1436 2762 aquam
1454 2712 1581 2746 occulta
1593 2710 1736 2757 quidam
1752 2713 1788 2746 vi

94 2761 293 2801 influentiae.
344 2764 383 2796 Et
395 2764 614 2800 confirmatur
627 2792 640 2814 ‚
666 2769 744 2814 quia
760 2766 850 2798 venti
862 2764 913 2798 isti
924 2762 964 2797 ab
976 2766 1104 2797 oriente
1117 2766 1151 2799 in
1165 2765 1368 2799 occidentem
1382 2787 1392 2802 ‚
1409 2774 1444 2795 ac
1455 2772 1564 2795 morus
1582 2763 1679 2793 maris
1691 2772 1790 2794 nota-

93 2823 149 2847 tut
162 2812 325 2858 praecipue
337 2809 395 2847 sub
406 2826 488 2849 zona
504 2816 629 2850 torrida
644 2840 654 2856 ,
679 2820 714 2851 ὃς
724 2816 807 2848 circa
817 2824 1021 2860 aequatorem
1031 2836 1040 2850 .
1068 2814 1103 2847 in
1120 2825 1184 2860 qua
1197 2825 1287 2860 parte
1297 2823 1407 2846 motus
1417 2809 1490 2844 coeli
1503 2810 1548 2843 est
1560 2809 1715 2845 velocior.
1731 2810 1790 2843 Se-

93 2863 200 2897 cunda
210 2860 273 2896 effe
284 2861 390 2908 potest
406 2885 416 2900 ³
442 2866 519 2909 quia
534 2863 590 2898 Sol
602 2867 660 2899 suo
675 2876 771 2899 motu
787 2863 913 2909 semper
930 2860 1108 2904 subiefihm
1122 2875 1240 2910 aquam
1263 2867 1297 2897 δε
1313 2865 1422 2894 aerem
1443 2857 1607 2898 calefacit,
1633 2858 1793 2894 &couse-

93 2921 233 2960 quenter
245 2910 400 2946 :arefacit
413 2934 423 2949 ,
451 2913 539 2947 unde
550 2918 651 2948 uta'e'r
665 2919 700 2950 &
713 2924 799 2960 aqua
814 2911 981 2947 rarefatstae
990 2923 1154 2957 occupent
1166 2915 1270 2955 majus
1281 2911 1420 2956 spatium
1430 2932 1438 2945 ,
1460 2908 1583 2943 debent
1599 2910 1723 2942 moveri
1735 2911 1790 2942 in„

94 2973 166 2995 eam
184 2972 312 3006 partem
325 2985 335 3000 ,
371 2959 427 2994 ubi
449 2962 503 2995 ae'r
526 2965 560 2996 δε
578 2976 664 3010 aqua
685 2961 792 3009 potest
814 2960 1009 2995 condensari
1020 2985 1029 3000 ,
1057 2964 1091 2996 &
1114 2960 1227 2997 locum
1256 2959 1368 2993 cedere
1384 2981 1394 2995 ,
1428 2969 1500 3004 quae
1520 2957 1565 2992 est
1583 2957 1795 2991 occidentali-

97 3021 135 3044 or
146 3032 156 3047 ,
183 3012 260 3056 quia
278 3010 431 3044 nondum
443 3013 596 3057 concepit
607 3012 751 3048 calorem
762 3023 801 3044 ex
814 3011 906 3045 radio
916 3009 1012 3049 Solis,
1038 3013 1097 3057 qui
1108 3011 1148 3044 ad
1161 3009 1249 3043 illam
1262 3008 1367 3041 adhuc
1377 3019 1444 3040 non
1456 3009 1626 3052 pervenit,·
1651 3019 1729 3053 ergo
1739 3008 1793 3039 a'c'r

100 3063 136 3093 &
145 3071 230 3105 aqua
240 3061 438 3106 concipiunt
452 3070 581 3094 motum
595 3060 705 3097 versus
713 3060 935 3098 occidentem.
986 3061 1026 3094 Et
1035 3062 1113 3106 quia
1122 3058 1179 3093 sub
1192 3060 1284 3091 Zona
1300 3057 1423 3090 torrida
1441 3055 1530 3091 calor
1541 3056 1623 3090 Solis
1635 3055 1679 3089 est
1691 3056 1791 3089 vehe-

97 3109 240 3153 mentior
261 3131 272 3148 ι
297 3119 397 3158 atque
411 3109 608 3157 adeomajot
617 3111 792 3148 ratefaetio
807 3133 819 3151 ,
844 3111 920 3146 ideo
934 3111 1024 3147 venti
1033 3107 1229 3147 orientales,
1258 3109 1293 3142 &
1311 3117 1423 3141 motus
1440 3102 1788 3142 marissuntsensibili-

1055 3160 1085 3192 Y
1113 3168 1129 3203 3
1712 3163 1788 3186 ores
