<?xml version="1.0" encoding="UTF-8"?>
<!DOCTYPE html PUBLIC "-//W3C//DTD XHTML 1.0 Transitional//EN"
    "http://www.w3.org/TR/xhtml1/DTD/xhtml1-transitional.dtd">
<html xmlns="http://www.w3.org/1999/xhtml" xml:lang="en" lang="en">
 <head>
  <title>
</title>
<meta http-equiv="Content-Type" content="text/html;charset=utf-8" />
  <meta name='ocr-system' content='tesseract 3.04.00' />
  <meta name='ocr-capabilities' content='ocr_page ocr_carea ocr_par ocr_line ocrx_word'/>
</head>
<body>
  <div class='ocr_page' id='page_1' title='image "./philosphicopolit00rein_0275.png"; bbox 0 0 2060 3444; ppageno 0'>
   <div class='ocr_carea' id='block_1_1' title="bbox 615 140 1796 216">
    <p class='ocr_par' dir='ltr' id='par_1_1' title="bbox 615 140 1796 216">
     <span class='ocr_line' id='line_1_1' title="bbox 615 140 1796 216; baseline 0 -21"><span class='ocrx_word' id='word_1_1' title='bbox 615 143 975 216; x_wconf 81' lang='lat' dir='ltr'>Philosophico</span> <span class='ocrx_word' id='word_1_2' title='bbox 988 179 1004 186; x_wconf 91' lang='lat'><em>—</em></span> <span class='ocrx_word' id='word_1_3' title='bbox 1017 144 1242 198; x_wconf 55' lang='lat' dir='ltr'>Politicss</span> <span class='ocrx_word' id='word_1_4' title='bbox 1688 140 1796 206; x_wconf 83' lang='lat'>263</span> 
     </span>
    </p>
   </div>
   <div class='ocr_carea' id='block_1_2' title="bbox 81 224 1964 1600">
    <p class='ocr_par' dir='ltr' id='par_1_2' title="bbox 114 224 1795 273">
     <span class='ocr_line' id='line_1_2' title="bbox 114 224 1795 273; baseline 0.004 -20"><span class='ocrx_word' id='word_1_5' title='bbox 114 228 233 260; x_wconf 82' lang='lat' dir='ltr'>tentat.</span> <span class='ocrx_word' id='word_1_6' title='bbox 284 224 446 260; x_wconf 82' lang='lat' dir='ltr'>Providus</span> <span class='ocrx_word' id='word_1_7' title='bbox 460 225 589 261; x_wconf 87' lang='lat' dir='ltr'>Politici</span> <span class='ocrx_word' id='word_1_8' title='bbox 601 229 718 261; x_wconf 85' lang='lat' dir='ltr'>oculus</span> <span class='ocrx_word' id='word_1_9' title='bbox 735 229 828 262; x_wconf 74' lang='lat' dir='ltr'>caute</span> <span class='ocrx_word' id='word_1_10' title='bbox 838 229 925 263; x_wconf 87' lang='lat' dir='ltr'>malo</span> <span class='ocrx_word' id='word_1_11' title='bbox 937 232 1082 268; x_wconf 80' lang='lat' dir='ltr'>occurrit</span> <span class='ocrx_word' id='word_1_12' title='bbox 1093 256 1104 273; x_wconf 88' lang='lat'>‚</span> <span class='ocrx_word' id='word_1_13' title='bbox 1131 238 1167 263; x_wconf 86' lang='lat' dir='ltr'>nt</span> <span class='ocrx_word' id='word_1_14' title='bbox 1180 232 1214 262; x_wconf 88' lang='lat' dir='ltr'>iu</span> <span class='ocrx_word' id='word_1_15' title='bbox 1228 227 1353 262; x_wconf 88' lang='lat' dir='ltr'>semine</span> <span class='ocrx_word' id='word_1_16' title='bbox 1367 225 1479 261; x_wconf 83' lang='lat' dir='ltr'>elidat.</span> <span class='ocrx_word' id='word_1_17' title='bbox 1507 224 1647 260; x_wconf 85' lang='lat' dir='ltr'>adornat</span> <span class='ocrx_word' id='word_1_18' title='bbox 1663 235 1795 271; x_wconf 59' lang='lat' dir='ltr'>tempe*</span> 
     </span>
    </p>

    <p class='ocr_par' dir='ltr' id='par_1_3' title="bbox 111 266 1793 323">
     <span class='ocr_line' id='line_1_3' title="bbox 111 266 1793 323; baseline 0.004 -22"><span class='ocrx_word' id='word_1_19' title='bbox 111 266 193 304; x_wconf 76' lang='lat' dir='ltr'>stive</span> <span class='ocrx_word' id='word_1_20' title='bbox 205 275 349 308; x_wconf 83' lang='lat' dir='ltr'>remedia</span> <span class='ocrx_word' id='word_1_21' title='bbox 361 299 371 313; x_wconf 92' lang='lat'>,</span> <span class='ocrx_word' id='word_1_22' title='bbox 395 277 534 322; x_wconf 74' lang='lat' dir='ltr'>cumque</span> <span class='ocrx_word' id='word_1_23' title='bbox 544 279 710 321; x_wconf 86' lang='lat' dir='ltr'>incipiunt</span> <span class='ocrx_word' id='word_1_24' title='bbox 731 281 857 312; x_wconf 82' lang='lat' dir='ltr'>curvari</span> <span class='ocrx_word' id='word_1_25' title='bbox 872 278 958 323; x_wconf 89' lang='lat' dir='ltr'>leges</span> <span class='ocrx_word' id='word_1_26' title='bbox 971 277 1060 311; x_wconf 86' lang='lat' dir='ltr'>velut</span> <span class='ocrx_word' id='word_1_27' title='bbox 1070 290 1131 311; x_wconf 84' lang='lat' dir='ltr'>ova</span> <span class='ocrx_word' id='word_1_28' title='bbox 1143 279 1337 312; x_wconf 84' lang='lat' dir='ltr'>immanium</span> <span class='ocrx_word' id='word_1_29' title='bbox 1361 277 1630 311; x_wconf 78' lang='lat' dir='ltr'>calamitatumin</span> <span class='ocrx_word' id='word_1_30' title='bbox 1643 286 1721 309; x_wconf 78' lang='lat' dir='ltr'>cuna</span> <span class='ocrx_word' id='word_1_31' title='bbox 1729 274 1793 307; x_wconf 89' lang='lat' dir='ltr'>bu·</span> 
     </span>
    </p>

    <p class='ocr_par' dir='ltr' id='par_1_4' title="bbox 111 316 1793 373">
     <span class='ocr_line' id='line_1_4' title="bbox 111 316 1793 373; baseline 0.002 -21"><span class='ocrx_word' id='word_1_32' title='bbox 111 316 152 373; x_wconf 66' lang='lat' dir='ltr'>lis</span> <span class='ocrx_word' id='word_1_33' title='bbox 163 326 353 361; x_wconf 78' lang='lat' dir='ltr'>contundit.</span> <span class='ocrx_word' id='word_1_34' title='bbox 406 326 497 358; x_wconf 87' lang='lat' dir='ltr'>Dum</span> <span class='ocrx_word' id='word_1_35' title='bbox 509 327 542 358; x_wconf 85' lang='lat' dir='ltr'>in</span> <span class='ocrx_word' id='word_1_36' title='bbox 555 325 653 358; x_wconf 87' lang='lat' dir='ltr'>herba</span> <span class='ocrx_word' id='word_1_37' title='bbox 666 325 785 359; x_wconf 88' lang='lat' dir='ltr'>lolium</span> <span class='ocrx_word' id='word_1_38' title='bbox 798 327 843 360; x_wconf 90' lang='lat' dir='ltr'>est</span> <span class='ocrx_word' id='word_1_39' title='bbox 856 349 866 364; x_wconf 94' lang='lat'>‚</span> <span class='ocrx_word' id='word_1_40' title='bbox 890 328 1101 364; x_wconf 68' lang='lat' dir='ltr'>exterminat.</span> <span class='ocrx_word' id='word_1_41' title='bbox 1153 327 1269 360; x_wconf 78' lang='lat' dir='ltr'>Primis</span> <span class='ocrx_word' id='word_1_42' title='bbox 1279 325 1387 372; x_wconf 84' lang='lat' dir='ltr'>legum</span> <span class='ocrx_word' id='word_1_43' title='bbox 1398 326 1543 371; x_wconf 87' lang='lat' dir='ltr'>rupturis</span> <span class='ocrx_word' id='word_1_44' title='bbox 1556 326 1704 357; x_wconf 91' lang='lat' dir='ltr'>medetur</span> <span class='ocrx_word' id='word_1_45' title='bbox 1714 347 1724 361; x_wconf 93' lang='lat'>,</span> <span class='ocrx_word' id='word_1_46' title='bbox 1751 327 1793 356; x_wconf 82' lang='lat' dir='ltr'>ne</span> 
     </span>
    </p>

    <p class='ocr_par' dir='ltr' id='par_1_5' title="bbox 107 370 1792 421">
     <span class='ocr_line' id='line_1_5' title="bbox 107 370 1792 421; baseline 0 -16"><span class='ocrx_word' id='word_1_47' title='bbox 107 377 238 417; x_wconf 74' lang='lat' dir='ltr'>integer</span> <span class='ocrx_word' id='word_1_48' title='bbox 251 374 339 406; x_wconf 85' lang='lat' dir='ltr'>casus</span> <span class='ocrx_word' id='word_1_49' title='bbox 350 370 575 420; x_wconf 78' lang='lat' dir='ltr'><strong>subsequatur.</strong></span> <span class='ocrx_word' id='word_1_50' title='bbox 628 375 706 407; x_wconf 79' lang='lat' dir='ltr'>Non</span> <span class='ocrx_word' id='word_1_51' title='bbox 731 386 821 408; x_wconf 86' lang='lat' dir='ltr'>naras</span> <span class='ocrx_word' id='word_1_52' title='bbox 834 376 937 408; x_wconf 84' lang='lat' dir='ltr'>adhuc</span> <span class='ocrx_word' id='word_1_53' title='bbox 947 376 1108 409; x_wconf 87' lang='lat' dir='ltr'>domuum</span> <span class='ocrx_word' id='word_1_54' title='bbox 1120 378 1216 409; x_wconf 81' lang='lat' dir='ltr'>rimas</span> <span class='ocrx_word' id='word_1_55' title='bbox 1228 375 1392 420; x_wconf 85' lang='lat' dir='ltr'>ptaevertit</span> <span class='ocrx_word' id='word_1_56' title='bbox 1405 401 1416 418; x_wconf 84' lang='lat'>‚</span> <span class='ocrx_word' id='word_1_57' title='bbox 1435 377 1493 421; x_wconf 90' lang='lat' dir='ltr'>qui</span> <span class='ocrx_word' id='word_1_58' title='bbox 1513 386 1581 407; x_wconf 90' lang='lat' dir='ltr'>non</span> <span class='ocrx_word' id='word_1_59' title='bbox 1594 372 1667 406; x_wconf 83' lang='lat' dir='ltr'>vult</span> <span class='ocrx_word' id='word_1_60' title='bbox 1680 373 1792 406; x_wconf 82' lang='lat' dir='ltr'>videre</span> 
     </span>
    </p>

    <p class='ocr_par' dir='ltr' id='par_1_6' title="bbox 109 422 1789 470">
     <span class='ocr_line' id='line_1_6' title="bbox 109 422 1789 470; baseline 0.002 -20"><span class='ocrx_word' id='word_1_61' title='bbox 109 429 224 452; x_wconf 83' lang='lat' dir='ltr'>muros</span> <span class='ocrx_word' id='word_1_62' title='bbox 238 432 329 455; x_wconf 79' lang='lat' dir='ltr'>terrae</span> <span class='ocrx_word' id='word_1_63' title='bbox 339 434 495 469; x_wconf 76' lang='lat' dir='ltr'>aequatos.</span> <span class='ocrx_word' id='word_1_64' title='bbox 549 423 697 465; x_wconf 83' lang='lat' dir='ltr'><strong>Quando</strong></span> <span class='ocrx_word' id='word_1_65' title='bbox 710 422 870 457; x_wconf 83' lang='lat' dir='ltr'>labascere</span> <span class='ocrx_word' id='word_1_66' title='bbox 883 426 1000 457; x_wconf 88' lang='lat' dir='ltr'>nititur</span> <span class='ocrx_word' id='word_1_67' title='bbox 1010 423 1213 470; x_wconf 70' lang='lat' dir='ltr'>Reipublicae</span> <span class='ocrx_word' id='word_1_68' title='bbox 1224 435 1388 469; x_wconf 87' lang='lat' dir='ltr'>compago</span> <span class='ocrx_word' id='word_1_69' title='bbox 1400 445 1409 460; x_wconf 84' lang='lat'>‚</span> <span class='ocrx_word' id='word_1_70' title='bbox 1435 423 1554 457; x_wconf 85' lang='lat' dir='ltr'>calcem</span> <span class='ocrx_word' id='word_1_71' title='bbox 1573 422 1728 456; x_wconf 89' lang='lat' dir='ltr'>admovet</span> <span class='ocrx_word' id='word_1_72' title='bbox 1738 422 1789 454; x_wconf 83' lang='lat' dir='ltr'>vit</span> 
     </span>
    </p>

    <p class='ocr_par' dir='ltr' id='par_1_7' title="bbox 103 467 1946 665">
     <span class='ocr_line' id='line_1_7' title="bbox 108 467 1787 519; baseline 0.002 -21"><span class='ocrx_word' id='word_1_73' title='bbox 108 467 260 511; x_wconf 87' lang='lat' dir='ltr'>publicus</span> <span class='ocrx_word' id='word_1_74' title='bbox 271 494 280 507; x_wconf 95' lang='lat'>,</span> <span class='ocrx_word' id='word_1_75' title='bbox 306 475 429 517; x_wconf 81' lang='lat' dir='ltr'><strong>Legum</strong></span> <span class='ocrx_word' id='word_1_76' title='bbox 441 470 584 506; x_wconf 75' lang='lat' dir='ltr'>vincula.</span> <span class='ocrx_word' id='word_1_77' title='bbox 635 473 719 518; x_wconf 75' lang='lat' dir='ltr'>Leges</span> <span class='ocrx_word' id='word_1_78' title='bbox 727 473 796 517; x_wconf 66' lang='lat' dir='ltr'>sient</span> <span class='ocrx_word' id='word_1_79' title='bbox 805 472 1106 519; x_wconf 75' lang='lat' dir='ltr'>Rernmpublt&#39;carum</span> <span class='ocrx_word' id='word_1_80' title='bbox 1118 473 1260 511; x_wconf 82' lang='lat' dir='ltr'>vincula,</span> <span class='ocrx_word' id='word_1_81' title='bbox 1291 471 1400 517; x_wconf 78' lang='lat' dir='ltr'>ajebat</span> <span class='ocrx_word' id='word_1_82' title='bbox 1413 471 1517 508; x_wconf 66' lang='lat' dir='ltr'>Plato,</span> <span class='ocrx_word' id='word_1_83' title='bbox 1571 473 1663 518; x_wconf 87' lang='lat' dir='ltr'>Lapis</span> <span class='ocrx_word' id='word_1_84' title='bbox 1684 468 1787 516; x_wconf 84' lang='lat' dir='ltr'>lapidi</span> 
     </span>
     <span class='ocr_line' id='line_1_8' title="bbox 105 510 1946 568; baseline -0.001 -17"><span class='ocrx_word' id='word_1_85' title='bbox 105 527 289 567; x_wconf 69' lang='lat' dir='ltr'>caemenr03</span> <span class='ocrx_word' id='word_1_86' title='bbox 314 533 431 553; x_wconf 69' lang='lat' dir='ltr'>nervus</span> <span class='ocrx_word' id='word_1_87' title='bbox 447 531 550 553; x_wconf 90' lang='lat' dir='ltr'>nervo</span> <span class='ocrx_word' id='word_1_88' title='bbox 564 520 734 567; x_wconf 66' lang='lat' dir='ltr'>jun&amp;ura3</span> <span class='ocrx_word' id='word_1_89' title='bbox 760 523 946 556; x_wconf 85' lang='lat' dir='ltr'>membrum</span> <span class='ocrx_word' id='word_1_90' title='bbox 958 523 1053 555; x_wconf 85' lang='lat' dir='ltr'>civile</span> <span class='ocrx_word' id='word_1_91' title='bbox 1065 522 1154 556; x_wconf 86' lang='lat' dir='ltr'>civili</span> <span class='ocrx_word' id='word_1_92' title='bbox 1168 525 1261 567; x_wconf 82' lang='lat' dir='ltr'>Legis</span> <span class='ocrx_word' id='word_1_93' title='bbox 1282 521 1416 554; x_wconf 91' lang='lat' dir='ltr'>vinculo</span> <span class='ocrx_word' id='word_1_94' title='bbox 1429 522 1596 561; x_wconf 63' lang='lat' dir='ltr'>neffirur,</span> <span class='ocrx_word' id='word_1_95' title='bbox 1623 522 1785 568; x_wconf 89' lang='lat' dir='ltr'>quointe-</span> <span class='ocrx_word' id='word_1_96' title='bbox 1805 510 1946 552; x_wconf 65' lang='lat' dir='ltr'>slat-&#39;⁴10</span> 
     </span>
     <span class='ocr_line' id='line_1_9' title="bbox 103 559 1941 614; baseline 0.001 -17"><span class='ocrx_word' id='word_1_97' title='bbox 103 576 162 610; x_wconf 79' lang='lat' dir='ltr'>gra</span> <span class='ocrx_word' id='word_1_98' title='bbox 176 568 345 603; x_wconf 78' lang='lat' dir='ltr'>bonorum</span> <span class='ocrx_word' id='word_1_99' title='bbox 357 581 469 602; x_wconf 87' lang='lat' dir='ltr'>catena</span> <span class='ocrx_word' id='word_1_100' title='bbox 478 569 620 602; x_wconf 88' lang='lat' dir='ltr'>trahitur</span> <span class='ocrx_word' id='word_1_101' title='bbox 635 595 648 614; x_wconf 90' lang='lat'>,</span> <span class='ocrx_word' id='word_1_102' title='bbox 676 568 698 603; x_wconf 88' lang='lat' dir='ltr'>fi</span> <span class='ocrx_word' id='word_1_103' title='bbox 712 572 903 608; x_wconf 71' lang='lat' dir='ltr'>servantur:</span> <span class='ocrx_word' id='word_1_104' title='bbox 930 570 1091 605; x_wconf 87' lang='lat' dir='ltr'>malorum</span> <span class='ocrx_word' id='word_1_105' title='bbox 1103 571 1174 605; x_wconf 87' lang='lat' dir='ltr'>ilias</span> <span class='ocrx_word' id='word_1_106' title='bbox 1184 567 1393 614; x_wconf 77' lang='lat' dir='ltr'>subsequitur</span> <span class='ocrx_word' id='word_1_107' title='bbox 1404 592 1415 608; x_wconf 87' lang='lat'>‚</span> <span class='ocrx_word' id='word_1_108' title='bbox 1441 569 1461 603; x_wconf 89' lang='lat' dir='ltr'>si</span> <span class='ocrx_word' id='word_1_109' title='bbox 1475 570 1652 604; x_wconf 82' lang='lat' dir='ltr'>violantur.</span> <span class='ocrx_word' id='word_1_110' title='bbox 1704 570 1785 602; x_wconf 88' lang='lat' dir='ltr'>Vio—</span> <span class='ocrx_word' id='word_1_111' title='bbox 1803 567 1840 600; x_wconf 82' lang='lat' dir='ltr'>de</span> <span class='ocrx_word' id='word_1_112' title='bbox 1853 559 1941 610; x_wconf 67' lang='lat' dir='ltr'>legib.</span> 
     </span>
     <span class='ocr_line' id='line_1_10' title="bbox 103 613 1786 665; baseline 0.006 -19"><span class='ocrx_word' id='word_1_113' title='bbox 103 613 240 653; x_wconf 80' lang='lat' dir='ltr'>lantur&#39;?</span> <span class='ocrx_word' id='word_1_114' title='bbox 268 620 496 652; x_wconf 75' lang='lat' dir='ltr'>Renoventur.</span> <span class='ocrx_word' id='word_1_115' title='bbox 549 620 769 653; x_wconf 83' lang='lat' dir='ltr'>Renoventur</span> <span class='ocrx_word' id='word_1_116' title='bbox 781 621 873 658; x_wconf 89' lang='lat' dir='ltr'>dico,</span> <span class='ocrx_word' id='word_1_117' title='bbox 902 621 1192 656; x_wconf 86' lang='lat' dir='ltr'>noninnoventur.</span> <span class='ocrx_word' id='word_1_118' title='bbox 1242 619 1335 662; x_wconf 83' lang='lat' dir='ltr'>Quid</span> <span class='ocrx_word' id='word_1_119' title='bbox 1352 621 1441 652; x_wconf 80' lang='lat' dir='ltr'>enim</span> <span class='ocrx_word' id='word_1_120' title='bbox 1455 631 1546 653; x_wconf 83' lang='lat' dir='ltr'>novae</span> <span class='ocrx_word' id='word_1_121' title='bbox 1560 619 1645 665; x_wconf 60' lang='lat' dir='ltr'>leget</span> <span class='ocrx_word' id='word_1_122' title='bbox 1659 646 1670 665; x_wconf 83' lang='lat'>‚</span> <span class='ocrx_word' id='word_1_123' title='bbox 1696 615 1786 651; x_wconf 72' lang='lat' dir='ltr'>five·</span> 
     </span>
    </p>

    <p class='ocr_par' dir='ltr' id='par_1_8' title="bbox 103 666 1784 713">
     <span class='ocr_line' id='line_1_11' title="bbox 103 666 1784 713; baseline 0.002 -18"><span class='ocrx_word' id='word_1_124' title='bbox 103 672 187 697; x_wconf 86' lang='lat' dir='ltr'>teres</span> <span class='ocrx_word' id='word_1_125' title='bbox 209 666 434 704; x_wconf 77' lang='lat' dir='ltr'>corruerunt?</span> <span class='ocrx_word' id='word_1_126' title='bbox 461 667 568 701; x_wconf 78' lang='lat' dir='ltr'>Novar</span> <span class='ocrx_word' id='word_1_127' title='bbox 586 666 671 713; x_wconf 80' lang='lat' dir='ltr'>leges</span> <span class='ocrx_word' id='word_1_128' title='bbox 690 667 822 702; x_wconf 86' lang='lat' dir='ltr'>nonnisi</span> <span class='ocrx_word' id='word_1_129' title='bbox 841 681 917 702; x_wconf 90' lang='lat' dir='ltr'>cum</span> <span class='ocrx_word' id='word_1_130' title='bbox 931 669 1095 703; x_wconf 87' lang='lat' dir='ltr'>evidentia</span> <span class='ocrx_word' id='word_1_131' title='bbox 1108 671 1261 703; x_wconf 79' lang='lat' dir='ltr'>utilitatis</span> <span class='ocrx_word' id='word_1_132' title='bbox 1272 669 1449 702; x_wconf 80' lang='lat' dir='ltr'>condendae</span> <span class='ocrx_word' id='word_1_133' title='bbox 1463 690 1471 706; x_wconf 93' lang='lat'>,</span> <span class='ocrx_word' id='word_1_134' title='bbox 1501 667 1594 702; x_wconf 82' lang='lat' dir='ltr'>suasit</span> <span class='ocrx_word' id='word_1_135' title='bbox 1612 666 1784 713; x_wconf 64' lang='lat' dir='ltr'>ulpianus.</span> 
     </span>
    </p>

    <p class='ocr_par' dir='ltr' id='par_1_9' title="bbox 102 713 1785 863">
     <span class='ocr_line' id='line_1_12' title="bbox 102 713 1783 763; baseline 0.002 -17"><span class='ocrx_word' id='word_1_136' title='bbox 102 713 176 746; x_wconf 75' lang='lat' dir='ltr'>Rex</span> <span class='ocrx_word' id='word_1_137' title='bbox 190 716 289 749; x_wconf 88' lang='lat' dir='ltr'>dutus</span> <span class='ocrx_word' id='word_1_138' title='bbox 305 721 430 754; x_wconf 87' lang='lat' dir='ltr'>omnis,</span> <span class='ocrx_word' id='word_1_139' title='bbox 464 716 608 762; x_wconf 85' lang='lat' dir='ltr'>sceptra,</span> <span class='ocrx_word' id='word_1_140' title='bbox 632 719 689 762; x_wconf 87' lang='lat' dir='ltr'>qui</span> <span class='ocrx_word' id='word_1_141' title='bbox 704 719 821 751; x_wconf 63' lang='lat' dir='ltr'>traebat</span> <span class='ocrx_word' id='word_1_142' title='bbox 831 730 929 754; x_wconf 83' lang='lat' dir='ltr'>nova.</span> <span class='ocrx_word' id='word_1_143' title='bbox 979 719 1066 750; x_wconf 84' lang='lat' dir='ltr'>Tota</span> <span class='ocrx_word' id='word_1_144' title='bbox 1080 731 1157 752; x_wconf 86' lang='lat' dir='ltr'>cura</span> <span class='ocrx_word' id='word_1_145' title='bbox 1171 717 1209 751; x_wconf 86' lang='lat' dir='ltr'>fit</span> <span class='ocrx_word' id='word_1_146' title='bbox 1221 740 1230 755; x_wconf 91' lang='lat'>‚</span> <span class='ocrx_word' id='word_1_147' title='bbox 1257 730 1298 751; x_wconf 90' lang='lat' dir='ltr'>ne</span> <span class='ocrx_word' id='word_1_148' title='bbox 1328 716 1436 763; x_wconf 77' lang='lat' dir='ltr'>pra&#39;scae</span> <span class='ocrx_word' id='word_1_149' title='bbox 1453 727 1686 763; x_wconf 81' lang='lat' dir='ltr'>antiquentur,</span> <span class='ocrx_word' id='word_1_150' title='bbox 1715 727 1783 749; x_wconf 85' lang='lat' dir='ltr'>non</span> 
     </span>
     <span class='ocr_line' id='line_1_13' title="bbox 104 764 1785 814; baseline 0.002 -20"><span class='ocrx_word' id='word_1_151' title='bbox 104 766 434 800; x_wconf 77' lang='lat' dir='ltr'>novaeinveniantur.</span> <span class='ocrx_word' id='word_1_152' title='bbox 484 767 660 800; x_wconf 86' lang='lat' dir='ltr'>Renovare</span> <span class='ocrx_word' id='word_1_153' title='bbox 674 778 828 811; x_wconf 81' lang='lat' dir='ltr'>oportet,</span> <span class='ocrx_word' id='word_1_154' title='bbox 853 779 923 814; x_wconf 74' lang='lat' dir='ltr'>quae</span> <span class='ocrx_word' id='word_1_155' title='bbox 937 764 1128 809; x_wconf 81' lang='lat' dir='ltr'>senescunt;</span> <span class='ocrx_word' id='word_1_156' title='bbox 1161 780 1228 801; x_wconf 92' lang='lat' dir='ltr'>non</span> <span class='ocrx_word' id='word_1_157' title='bbox 1239 766 1400 802; x_wconf 87' lang='lat' dir='ltr'>condere,</span> <span class='ocrx_word' id='word_1_158' title='bbox 1426 768 1785 811; x_wconf 81' lang='lat' dir='ltr'>quaeiterumternpote</span> 
     </span>
     <span class='ocr_line' id='line_1_14' title="bbox 103 810 1781 863; baseline 0.002 -20"><span class='ocrx_word' id='word_1_159' title='bbox 103 810 330 858; x_wconf 87' lang='lat' dir='ltr'>languescunt.</span> <span class='ocrx_word' id='word_1_160' title='bbox 381 815 492 848; x_wconf 80' lang='lat' dir='ltr'>Emori</span> <span class='ocrx_word' id='word_1_161' title='bbox 504 814 524 848; x_wconf 88' lang='lat' dir='ltr'>si</span> <span class='ocrx_word' id='word_1_162' title='bbox 537 818 696 861; x_wconf 84' lang='lat' dir='ltr'>coeperint</span> <span class='ocrx_word' id='word_1_163' title='bbox 708 827 832 850; x_wconf 85' lang='lat' dir='ltr'>veteres</span> <span class='ocrx_word' id='word_1_164' title='bbox 845 815 948 863; x_wconf 86' lang='lat' dir='ltr'>leges,</span> <span class='ocrx_word' id='word_1_165' title='bbox 973 816 1091 850; x_wconf 80' lang='lat' dir='ltr'>florem</span> <span class='ocrx_word' id='word_1_166' title='bbox 1104 817 1206 854; x_wconf 87' lang='lat' dir='ltr'>adde,</span> <span class='ocrx_word' id='word_1_167' title='bbox 1232 828 1265 849; x_wconf 84' lang='lat' dir='ltr'>ut</span> <span class='ocrx_word' id='word_1_168' title='bbox 1278 813 1488 850; x_wconf 75' lang='lat' dir='ltr'>revirescant.</span> <span class='ocrx_word' id='word_1_169' title='bbox 1538 814 1649 849; x_wconf 80' lang='lat' dir='ltr'>Oculo</span> <span class='ocrx_word' id='word_1_170' title='bbox 1671 813 1781 847; x_wconf 82' lang='lat' dir='ltr'>solerti</span> 
     </span>
    </p>

    <p class='ocr_par' dir='ltr' id='par_1_10' title="bbox 101 854 1781 910">
     <span class='ocr_line' id='line_1_15' title="bbox 101 854 1781 910; baseline 0.002 -18"><span class='ocrx_word' id='word_1_171' title='bbox 101 854 136 893; x_wconf 81' lang='lat' dir='ltr'>in</span> <span class='ocrx_word' id='word_1_172' title='bbox 160 860 335 896; x_wconf 80' lang='lat' dir='ltr'>violatores</span> <span class='ocrx_word' id='word_1_173' title='bbox 350 863 487 909; x_wconf 81' lang='lat' dir='ltr'>indaga,</span> <span class='ocrx_word' id='word_1_174' title='bbox 515 868 549 898; x_wconf 72' lang='grc' dir='ltr'>δε</span> <span class='ocrx_word' id='word_1_175' title='bbox 570 876 611 897; x_wconf 87' lang='lat' dir='ltr'>ne</span> <span class='ocrx_word' id='word_1_176' title='bbox 633 866 667 897; x_wconf 90' lang='lat' dir='ltr'>in</span> <span class='ocrx_word' id='word_1_177' title='bbox 681 864 738 897; x_wconf 90' lang='lat' dir='ltr'>suo</span> <span class='ocrx_word' id='word_1_178' title='bbox 755 864 834 898; x_wconf 82' lang='lat' dir='ltr'>flore</span> <span class='ocrx_word' id='word_1_179' title='bbox 845 864 897 898; x_wconf 87' lang='lat' dir='ltr'>lex</span> <span class='ocrx_word' id='word_1_180' title='bbox 910 868 1107 902; x_wconf 86' lang='lat' dir='ltr'>veterascat,</span> <span class='ocrx_word' id='word_1_181' title='bbox 1131 863 1258 910; x_wconf 88' lang='lat' dir='ltr'>spinam</span> <span class='ocrx_word' id='word_1_182' title='bbox 1277 865 1380 903; x_wconf 84' lang='lat' dir='ltr'>adde,</span> <span class='ocrx_word' id='word_1_183' title='bbox 1408 874 1539 909; x_wconf 69' lang='lat' dir='ltr'>poenam</span> <span class='ocrx_word' id='word_1_184' title='bbox 1551 863 1650 897; x_wconf 86' lang='lat' dir='ltr'>sume.</span> <span class='ocrx_word' id='word_1_185' title='bbox 1701 865 1781 896; x_wconf 80' lang='lat' dir='ltr'>Haec</span> 
     </span>
    </p>

    <p class='ocr_par' dir='ltr' id='par_1_11' title="bbox 102 909 1780 960">
     <span class='ocr_line' id='line_1_16' title="bbox 102 909 1780 960; baseline 0.001 -17"><span class='ocrx_word' id='word_1_186' title='bbox 102 909 233 955; x_wconf 86' lang='lat' dir='ltr'>pessima</span> <span class='ocrx_word' id='word_1_187' title='bbox 246 912 291 944; x_wconf 88' lang='lat' dir='ltr'>est</span> <span class='ocrx_word' id='word_1_188' title='bbox 305 911 435 945; x_wconf 77' lang='lat' dir='ltr'>bonitas</span> <span class='ocrx_word' id='word_1_189' title='bbox 445 935 456 950; x_wconf 96' lang='lat'>,</span> <span class='ocrx_word' id='word_1_190' title='bbox 483 926 554 960; x_wconf 76' lang='lat' dir='ltr'>quae</span> <span class='ocrx_word' id='word_1_191' title='bbox 569 915 631 946; x_wconf 88' lang='lat' dir='ltr'>reis</span> <span class='ocrx_word' id='word_1_192' title='bbox 645 916 746 958; x_wconf 84' lang='lat' dir='ltr'>parcit</span> <span class='ocrx_word' id='word_1_193' title='bbox 758 936 768 951; x_wconf 92' lang='lat'>,</span> <span class='ocrx_word' id='word_1_194' title='bbox 792 914 879 948; x_wconf 89' lang='lat' dir='ltr'>unde</span> <span class='ocrx_word' id='word_1_195' title='bbox 889 914 974 960; x_wconf 84' lang='lat' dir='ltr'>leges</span> <span class='ocrx_word' id='word_1_196' title='bbox 982 912 1221 949; x_wconf 75' lang='lat' dir='ltr'>collabascunt.</span> <span class='ocrx_word' id='word_1_197' title='bbox 1271 915 1398 947; x_wconf 84' lang='lat' dir='ltr'>Primos</span> <span class='ocrx_word' id='word_1_198' title='bbox 1410 914 1513 946; x_wconf 81' lang='lat' dir='ltr'>ruinae</span> <span class='ocrx_word' id='word_1_199' title='bbox 1525 913 1678 946; x_wconf 81' lang='lat' dir='ltr'>authores</span> <span class='ocrx_word' id='word_1_200' title='bbox 1689 912 1780 953; x_wconf 80' lang='lat' dir='ltr'>justi-</span> 
     </span>
    </p>

    <p class='ocr_par' dir='ltr' id='par_1_12' title="bbox 101 959 1779 1009">
     <span class='ocr_line' id='line_1_17' title="bbox 101 959 1779 1009; baseline 0.002 -19"><span class='ocrx_word' id='word_1_201' title='bbox 101 960 145 991; x_wconf 87' lang='lat' dir='ltr'>tia</span> <span class='ocrx_word' id='word_1_202' title='bbox 164 959 381 1007; x_wconf 83' lang='lat' dir='ltr'>perstringat,</span> <span class='ocrx_word' id='word_1_203' title='bbox 406 962 616 996; x_wconf 84' lang='lat' dir='ltr'>nesecundus</span> <span class='ocrx_word' id='word_1_204' title='bbox 628 959 794 1008; x_wconf 84' lang='lat' dir='ltr'>sequatur.</span> <span class='ocrx_word' id='word_1_205' title='bbox 845 964 983 1008; x_wconf 87' lang='lat' dir='ltr'>Laplum</span> <span class='ocrx_word' id='word_1_206' title='bbox 999 962 1230 1009; x_wconf 77' lang='lat' dir='ltr'>prosequitur,</span> <span class='ocrx_word' id='word_1_207' title='bbox 1257 965 1314 1008; x_wconf 90' lang='lat' dir='ltr'>qui</span> <span class='ocrx_word' id='word_1_208' title='bbox 1327 963 1442 1008; x_wconf 87' lang='lat' dir='ltr'>primis</span> <span class='ocrx_word' id='word_1_209' title='bbox 1452 959 1596 995; x_wconf 87' lang='lat' dir='ltr'>motibus</span> <span class='ocrx_word' id='word_1_210' title='bbox 1607 973 1674 994; x_wconf 92' lang='lat' dir='ltr'>non</span> <span class='ocrx_word' id='word_1_211' title='bbox 1695 972 1779 1007; x_wconf 87' lang='lat' dir='ltr'>prae-</span> 
     </span>
    </p>

    <p class='ocr_par' dir='ltr' id='par_1_13' title="bbox 99 1008 1779 1058">
     <span class='ocr_line' id='line_1_18' title="bbox 99 1008 1779 1058; baseline 0.001 -17"><span class='ocrx_word' id='word_1_212' title='bbox 99 1010 209 1045; x_wconf 81' lang='lat' dir='ltr'>vertit.</span> <span class='ocrx_word' id='word_1_213' title='bbox 259 1010 290 1042; x_wconf 88' lang='lat' dir='ltr'>Si</span> <span class='ocrx_word' id='word_1_214' title='bbox 301 1014 424 1054; x_wconf 80' lang='lat' dir='ltr'>primus</span> <span class='ocrx_word' id='word_1_215' title='bbox 436 1010 516 1058; x_wconf 83' lang='lat' dir='ltr'>legis</span> <span class='ocrx_word' id='word_1_216' title='bbox 534 1022 745 1056; x_wconf 87' lang='lat' dir='ltr'>contemptus</span> <span class='ocrx_word' id='word_1_217' title='bbox 759 1014 867 1058; x_wconf 85' lang='lat' dir='ltr'>rigore</span> <span class='ocrx_word' id='word_1_218' title='bbox 882 1024 950 1045; x_wconf 91' lang='lat' dir='ltr'>non</span> <span class='ocrx_word' id='word_1_219' title='bbox 965 1010 1197 1058; x_wconf 89' lang='lat' dir='ltr'>compensatur</span> <span class='ocrx_word' id='word_1_220' title='bbox 1209 1033 1220 1050; x_wconf 85' lang='lat'>,</span> <span class='ocrx_word' id='word_1_221' title='bbox 1245 1009 1310 1057; x_wconf 86' lang='lat' dir='ltr'>ipsa</span> <span class='ocrx_word' id='word_1_222' title='bbox 1321 1011 1548 1044; x_wconf 74' lang='lat' dir='ltr'>misericordiae</span> <span class='ocrx_word' id='word_1_223' title='bbox 1557 1009 1656 1044; x_wconf 87' lang='lat' dir='ltr'>scelus</span> <span class='ocrx_word' id='word_1_224' title='bbox 1668 1008 1779 1056; x_wconf 85' lang='lat' dir='ltr'>auspi·</span> 
     </span>
    </p>

    <p class='ocr_par' dir='ltr' id='par_1_14' title="bbox 97 1057 1776 1108">
     <span class='ocr_line' id='line_1_19' title="bbox 97 1057 1776 1108; baseline 0.002 -19"><span class='ocrx_word' id='word_1_225' title='bbox 97 1068 199 1094; x_wconf 76' lang='lat' dir='ltr'>catur.</span> <span class='ocrx_word' id='word_1_226' title='bbox 251 1060 327 1092; x_wconf 89' lang='lat' dir='ltr'>Hoc</span> <span class='ocrx_word' id='word_1_227' title='bbox 348 1059 481 1094; x_wconf 83' lang='lat' dir='ltr'>solenne</span> <span class='ocrx_word' id='word_1_228' title='bbox 498 1062 543 1095; x_wconf 89' lang='lat' dir='ltr'>est</span> <span class='ocrx_word' id='word_1_229' title='bbox 564 1059 839 1106; x_wconf 75' lang='lat' dir='ltr'>LegislatoribuS,</span> <span class='ocrx_word' id='word_1_230' title='bbox 866 1061 887 1094; x_wconf 83' lang='lat' dir='ltr'>fi</span> <span class='ocrx_word' id='word_1_231' title='bbox 908 1060 988 1095; x_wconf 84' lang='lat' dir='ltr'>boni</span> <span class='ocrx_word' id='word_1_232' title='bbox 1006 1059 1128 1108; x_wconf 84' lang='lat' dir='ltr'>publici</span> <span class='ocrx_word' id='word_1_233' title='bbox 1143 1059 1273 1094; x_wconf 85' lang='lat' dir='ltr'>Zelotes</span> <span class='ocrx_word' id='word_1_234' title='bbox 1286 1057 1384 1097; x_wconf 88' lang='lat' dir='ltr'>sunt,</span> <span class='ocrx_word' id='word_1_235' title='bbox 1409 1057 1726 1093; x_wconf 83' lang='lat' dir='ltr'>toramseveritatem</span> <span class='ocrx_word' id='word_1_236' title='bbox 1741 1060 1776 1092; x_wconf 87' lang='lat' dir='ltr'>in</span> 
     </span>
    </p>

    <p class='ocr_par' dir='ltr' id='par_1_15' title="bbox 91 1107 1775 1156">
     <span class='ocr_line' id='line_1_20' title="bbox 91 1107 1775 1156; baseline 0.002 -18"><span class='ocrx_word' id='word_1_237' title='bbox 91 1108 216 1150; x_wconf 83' lang='lat' dir='ltr'>primos</span> <span class='ocrx_word' id='word_1_238' title='bbox 226 1120 407 1142; x_wconf 83' lang='lat' dir='ltr'>exonerare</span> <span class='ocrx_word' id='word_1_239' title='bbox 418 1110 571 1155; x_wconf 85' lang='lat' dir='ltr'>peccandi</span> <span class='ocrx_word' id='word_1_240' title='bbox 587 1109 769 1156; x_wconf 83' lang='lat' dir='ltr'>magistros.</span> <span class='ocrx_word' id='word_1_241' title='bbox 819 1113 939 1145; x_wconf 88' lang='lat' dir='ltr'>Brutus</span> <span class='ocrx_word' id='word_1_242' title='bbox 946 1121 1110 1144; x_wconf 86' lang='lat' dir='ltr'>recentem</span> <span class='ocrx_word' id='word_1_243' title='bbox 1122 1112 1232 1156; x_wconf 79' lang='lat' dir='ltr'>patriae</span> <span class='ocrx_word' id='word_1_244' title='bbox 1242 1108 1425 1143; x_wconf 84' lang='lat' dir='ltr'>libertatern</span> <span class='ocrx_word' id='word_1_245' title='bbox 1437 1110 1535 1142; x_wconf 86' lang='lat' dir='ltr'>etiam</span> <span class='ocrx_word' id='word_1_246' title='bbox 1549 1107 1693 1142; x_wconf 84' lang='lat' dir='ltr'>filiorum</span> <span class='ocrx_word' id='word_1_247' title='bbox 1704 1119 1775 1143; x_wconf 88' lang='lat' dir='ltr'>cer-</span> 
     </span>
    </p>

    <p class='ocr_par' dir='ltr' id='par_1_16' title="bbox 95 1153 1775 1206">
     <span class='ocr_line' id='line_1_21' title="bbox 95 1153 1775 1206; baseline 0.002 -20"><span class='ocrx_word' id='word_1_248' title='bbox 95 1153 222 1190; x_wconf 86' lang='lat' dir='ltr'>vicibus</span> <span class='ocrx_word' id='word_1_249' title='bbox 235 1153 441 1196; x_wconf 80' lang='lat' dir='ltr'>sustentavit.</span> <span class='ocrx_word' id='word_1_250' title='bbox 495 1157 683 1192; x_wconf 84' lang='lat' dir='ltr'>Alexander</span> <span class='ocrx_word' id='word_1_251' title='bbox 696 1158 837 1205; x_wconf 87' lang='lat' dir='ltr'>auspicia</span> <span class='ocrx_word' id='word_1_252' title='bbox 850 1157 964 1194; x_wconf 81' lang='lat' dir='ltr'>Persici</span> <span class='ocrx_word' id='word_1_253' title='bbox 976 1161 1110 1206; x_wconf 88' lang='lat' dir='ltr'>Imperii</span> <span class='ocrx_word' id='word_1_254' title='bbox 1123 1159 1283 1193; x_wconf 85' lang='lat' dir='ltr'>dedicavit</span> <span class='ocrx_word' id='word_1_255' title='bbox 1295 1157 1373 1192; x_wconf 85' lang='lat' dir='ltr'>Beffi</span> <span class='ocrx_word' id='word_1_256' title='bbox 1390 1156 1521 1204; x_wconf 77' lang='lat' dir='ltr'>jugulo,</span> <span class='ocrx_word' id='word_1_257' title='bbox 1575 1158 1712 1191; x_wconf 85' lang='lat' dir='ltr'>Timore</span> <span class='ocrx_word' id='word_1_258' title='bbox 1720 1168 1775 1189; x_wconf 89' lang='lat' dir='ltr'>ur-</span> 
     </span>
    </p>

    <p class='ocr_par' dir='ltr' id='par_1_17' title="bbox 91 1204 1773 1255">
     <span class='ocr_line' id='line_1_22' title="bbox 91 1204 1773 1255; baseline 0.001 -19"><span class='ocrx_word' id='word_1_259' title='bbox 91 1215 207 1249; x_wconf 82' lang='lat' dir='ltr'>gearur</span> <span class='ocrx_word' id='word_1_260' title='bbox 217 1204 328 1253; x_wconf 86' lang='lat' dir='ltr'>legum</span> <span class='ocrx_word' id='word_1_261' title='bbox 337 1219 453 1244; x_wconf 86' lang='lat' dir='ltr'>amor,</span> <span class='ocrx_word' id='word_1_262' title='bbox 478 1206 829 1255; x_wconf 65' lang='lat' dir='ltr'>quumaffestumcogi</span> <span class='ocrx_word' id='word_1_263' title='bbox 843 1220 910 1242; x_wconf 90' lang='lat' dir='ltr'>non</span> <span class='ocrx_word' id='word_1_264' title='bbox 925 1209 1045 1254; x_wconf 72' lang='lat' dir='ltr'>potest.</span> <span class='ocrx_word' id='word_1_265' title='bbox 1094 1208 1226 1242; x_wconf 89' lang='lat' dir='ltr'>Timori</span> <span class='ocrx_word' id='word_1_266' title='bbox 1242 1206 1332 1242; x_wconf 86' lang='lat' dir='ltr'>velut</span> <span class='ocrx_word' id='word_1_267' title='bbox 1352 1208 1426 1240; x_wconf 90' lang='lat' dir='ltr'>Deo</span> <span class='ocrx_word' id='word_1_268' title='bbox 1445 1218 1533 1240; x_wconf 82' lang='lat' dir='ltr'>aram</span> <span class='ocrx_word' id='word_1_269' title='bbox 1553 1218 1588 1240; x_wconf 88' lang='lat' dir='ltr'>ac</span> <span class='ocrx_word' id='word_1_270' title='bbox 1610 1204 1773 1250; x_wconf 87' lang='lat' dir='ltr'>templum</span> 
     </span>
    </p>

    <p class='ocr_par' dir='ltr' id='par_1_18' title="bbox 85 1253 1964 1501">
     <span class='ocr_line' id='line_1_23' title="bbox 89 1253 1892 1306; baseline 0.001 -21"><span class='ocrx_word' id='word_1_271' title='bbox 89 1253 109 1285; x_wconf 71' lang='grc' dir='ltr'>ὲ</span> <span class='ocrx_word' id='word_1_272' title='bbox 125 1253 298 1289; x_wconf 71' lang='lat' dir='ltr'>inconibus</span> <span class='ocrx_word' id='word_1_273' title='bbox 307 1257 453 1290; x_wconf 69' lang='lat' dir='ltr'>ereetum</span> <span class='ocrx_word' id='word_1_274' title='bbox 465 1257 657 1291; x_wconf 85' lang='lat' dir='ltr'>Plutarchus</span> <span class='ocrx_word' id='word_1_275' title='bbox 667 1257 803 1291; x_wconf 87' lang='lat' dir='ltr'>testatur</span> <span class='ocrx_word' id='word_1_276' title='bbox 812 1280 823 1296; x_wconf 95' lang='lat'><em>‚</em></span> <span class='ocrx_word' id='word_1_277' title='bbox 848 1257 910 1292; x_wconf 88' lang='lat' dir='ltr'>hoc</span> <span class='ocrx_word' id='word_1_278' title='bbox 920 1261 1009 1292; x_wconf 88' lang='lat' dir='ltr'>enim</span> <span class='ocrx_word' id='word_1_279' title='bbox 1021 1260 1120 1304; x_wconf 85' lang='lat' dir='ltr'>Leges</span> <span class='ocrx_word' id='word_1_280' title='bbox 1138 1269 1172 1290; x_wconf 92' lang='lat' dir='ltr'>ac</span> <span class='ocrx_word' id='word_1_281' title='bbox 1184 1254 1363 1302; x_wconf 83' lang='lat' dir='ltr'>Rempubl.</span> <span class='ocrx_word' id='word_1_282' title='bbox 1382 1253 1567 1289; x_wconf 84' lang='lat' dir='ltr'>conservari</span> <span class='ocrx_word' id='word_1_283' title='bbox 1578 1253 1763 1289; x_wconf 70' lang='lat' dir='ltr'>credebant,</span> <span class='ocrx_word' id='word_1_284' title='bbox 1839 1284 1847 1306; x_wconf 67' lang='lat'><em>7</em></span> <span class='ocrx_word' id='word_1_285' title='bbox 1887 1288 1892 1294; x_wconf 77' lang='grc'><em>,</em></span> 
     </span>
     <span class='ocr_line' id='line_1_24' title="bbox 93 1286 1929 1354; baseline 0.001 -20"><span class='ocrx_word' id='word_1_286' title='bbox 93 1302 152 1335; x_wconf 81' lang='lat' dir='ltr'>Res</span> <span class='ocrx_word' id='word_1_287' title='bbox 161 1305 253 1338; x_wconf 75' lang='lat' dir='ltr'>italas</span> <span class='ocrx_word' id='word_1_288' title='bbox 260 1307 356 1339; x_wconf 82' lang='lat' dir='ltr'>armis</span> <span class='ocrx_word' id='word_1_289' title='bbox 367 1309 497 1354; x_wconf 72' lang='lat' dir='ltr'>tuteris3</span> <span class='ocrx_word' id='word_1_290' title='bbox 522 1305 658 1340; x_wconf 71' lang='lat' dir='ltr'>moribus</span> <span class='ocrx_word' id='word_1_291' title='bbox 668 1318 764 1346; x_wconf 72' lang='lat' dir='ltr'>ornes,</span> <span class='ocrx_word' id='word_1_292' title='bbox 780 1305 912 1352; x_wconf 76' lang='lat' dir='ltr'>Legibus</span> <span class='ocrx_word' id='word_1_293' title='bbox 920 1306 1070 1343; x_wconf 82' lang='lat' dir='ltr'>emendes.</span> <span class='ocrx_word' id='word_1_294' title='bbox 1116 1308 1185 1350; x_wconf 84' lang='lat' dir='ltr'>Qi</span> <span class='ocrx_word' id='word_1_295' title='bbox 1197 1305 1226 1339; x_wconf 87' lang='lat' dir='ltr'>se</span> <span class='ocrx_word' id='word_1_296' title='bbox 1239 1303 1367 1353; x_wconf 79' lang='lat' dir='ltr'>legibus</span> <span class='ocrx_word' id='word_1_297' title='bbox 1379 1306 1506 1343; x_wconf 85' lang='lat' dir='ltr'>eximit,</span> <span class='ocrx_word' id='word_1_298' title='bbox 1521 1303 1619 1350; x_wconf 62' lang='lat' dir='ltr'>poenfi</span> <span class='ocrx_word' id='word_1_299' title='bbox 1630 1304 1765 1338; x_wconf 82' lang='lat' dir='ltr'>redima-</span> <span class='ocrx_word' id='word_1_300' title='bbox 1787 1286 1929 1351; x_wconf 52' lang='lat' dir='ltr'>Va*fr&#39;¹³5</span> 
     </span>
     <span class='ocr_line' id='line_1_25' title="bbox 87 1334 1957 1404; baseline 0 -19"><span class='ocrx_word' id='word_1_301' title='bbox 87 1360 164 1389; x_wconf 83' lang='lat' dir='ltr'>tur:</span> <span class='ocrx_word' id='word_1_302' title='bbox 193 1365 248 1388; x_wconf 88' lang='lat' dir='ltr'>aut</span> <span class='ocrx_word' id='word_1_303' title='bbox 262 1353 327 1402; x_wconf 85' lang='lat' dir='ltr'>legi</span> <span class='ocrx_word' id='word_1_304' title='bbox 346 1355 508 1398; x_wconf 79' lang='lat' dir='ltr'>autjridici</span> <span class='ocrx_word' id='word_1_305' title='bbox 527 1355 745 1402; x_wconf 87' lang='lat' dir='ltr'>obtemperet.</span> <span class='ocrx_word' id='word_1_306' title='bbox 793 1356 940 1390; x_wconf 86' lang='lat' dir='ltr'>Perdunt</span> <span class='ocrx_word' id='word_1_307' title='bbox 949 1357 1209 1404; x_wconf 81' lang='lat' dir='ltr'>Reges&amp;1.eges</span> <span class='ocrx_word' id='word_1_308' title='bbox 1221 1356 1486 1391; x_wconf 68' lang='lat' dir='ltr'>Autboritaterm</span> <span class='ocrx_word' id='word_1_309' title='bbox 1521 1352 1542 1386; x_wconf 84' lang='lat' dir='ltr'>fi</span> <span class='ocrx_word' id='word_1_310' title='bbox 1560 1352 1766 1398; x_wconf 80' lang='lat' dir='ltr'>transgreffio</span> <span class='ocrx_word' id='word_1_311' title='bbox 1786 1334 1957 1368; x_wconf 61' lang='lat' dir='ltr'>Fl&#39;u‘usad</span> 
     </span>
     <span class='ocr_line' id='line_1_26' title="bbox 87 1385 1964 1453; baseline -0.001 -20"><span class='ocrx_word' id='word_1_312' title='bbox 87 1399 457 1442; x_wconf 76' lang='lat' dir='ltr'>habetimmunitarem.</span> <span class='ocrx_word' id='word_1_313' title='bbox 506 1404 751 1439; x_wconf 73' lang='lat' dir='ltr'>Tantocautius</span> <span class='ocrx_word' id='word_1_314' title='bbox 763 1403 952 1444; x_wconf 79' lang='lat' dir='ltr'>servantur.</span> <span class='ocrx_word' id='word_1_315' title='bbox 987 1403 1217 1453; x_wconf 70' lang='lat' dir='ltr'>quantocitius</span> <span class='ocrx_word' id='word_1_316' title='bbox 1230 1407 1265 1438; x_wconf 86' lang='lat' dir='ltr'>in</span> <span class='ocrx_word' id='word_1_317' title='bbox 1289 1405 1415 1450; x_wconf 86' lang='lat' dir='ltr'>primos</span> <span class='ocrx_word' id='word_1_318' title='bbox 1425 1401 1604 1436; x_wconf 84' lang='lat' dir='ltr'>violatores</span> <span class='ocrx_word' id='word_1_319' title='bbox 1623 1403 1768 1435; x_wconf 89' lang='lat' dir='ltr'>adverti·</span> <span class='ocrx_word' id='word_1_320' title='bbox 1789 1385 1964 1431; x_wconf 56' lang='lat' dir='ltr'>Augustum</span> 
     </span>
     <span class='ocr_line' id='line_1_27' title="bbox 85 1435 1853 1501; baseline -0.001 -17"><span class='ocrx_word' id='word_1_321' title='bbox 85 1459 153 1489; x_wconf 89' lang='lat' dir='ltr'>tur.</span> <span class='ocrx_word' id='word_1_322' title='bbox 206 1452 501 1499; x_wconf 82' lang='lat' dir='ltr'>Nequeinfirmam</span> <span class='ocrx_word' id='word_1_323' title='bbox 513 1465 620 1499; x_wconf 88' lang='lat' dir='ltr'>parere</span> <span class='ocrx_word' id='word_1_324' title='bbox 632 1466 739 1501; x_wconf 64' lang='lat' dir='ltr'>remp⁴</span> <span class='ocrx_word' id='word_1_325' title='bbox 750 1465 823 1500; x_wconf 83' lang='lat' dir='ltr'>quae</span> <span class='ocrx_word' id='word_1_326' title='bbox 834 1452 949 1489; x_wconf 64' lang='lat' dir='ltr'>Solum</span> <span class='ocrx_word' id='word_1_327' title='bbox 968 1456 1002 1489; x_wconf 89' lang='lat' dir='ltr'>in</span> <span class='ocrx_word' id='word_1_328' title='bbox 1016 1453 1137 1489; x_wconf 84' lang='lat' dir='ltr'>debiles</span> <span class='ocrx_word' id='word_1_329' title='bbox 1152 1453 1230 1487; x_wconf 88' lang='lat' dir='ltr'>sciat</span> <span class='ocrx_word' id='word_1_330' title='bbox 1243 1452 1449 1499; x_wconf 80' lang='lat' dir='ltr'>romphaeam</span> <span class='ocrx_word' id='word_1_331' title='bbox 1462 1452 1600 1485; x_wconf 61' lang='lat' dir='ltr'>tractare</span> <span class='ocrx_word' id='word_1_332' title='bbox 1612 1473 1622 1488; x_wconf 96' lang='lat'>,</span> <span class='ocrx_word' id='word_1_333' title='bbox 1649 1461 1768 1496; x_wconf 72' lang='lat' dir='ltr'>poten,</span> <span class='ocrx_word' id='word_1_334' title='bbox 1786 1435 1853 1477; x_wconf 68' lang='lat' dir='ltr'>C‘s·</span> 
     </span>
    </p>

    <p class='ocr_par' dir='ltr' id='par_1_19' title="bbox 81 1497 1963 1600">
     <span class='ocr_line' id='line_1_28' title="bbox 84 1497 1768 1548; baseline 0 -16"><span class='ocrx_word' id='word_1_335' title='bbox 84 1507 132 1533; x_wconf 78' lang='lat' dir='ltr'>tes</span> <span class='ocrx_word' id='word_1_336' title='bbox 143 1497 219 1536; x_wconf 84' lang='lat' dir='ltr'>finit</span> <span class='ocrx_word' id='word_1_337' title='bbox 229 1513 289 1548; x_wconf 88' lang='lat' dir='ltr'>pro</span> <span class='ocrx_word' id='word_1_338' title='bbox 301 1501 439 1537; x_wconf 86' lang='lat' dir='ltr'>libidine</span> <span class='ocrx_word' id='word_1_339' title='bbox 456 1503 526 1548; x_wconf 77' lang='lat' dir='ltr'>jura</span> <span class='ocrx_word' id='word_1_340' title='bbox 538 1502 673 1539; x_wconf 80' lang='lat' dir='ltr'>violare.</span> <span class='ocrx_word' id='word_1_341' title='bbox 723 1503 807 1537; x_wconf 85' lang='lat' dir='ltr'>Non</span> <span class='ocrx_word' id='word_1_342' title='bbox 828 1504 910 1537; x_wconf 86' lang='lat' dir='ltr'>solas</span> <span class='ocrx_word' id='word_1_343' title='bbox 929 1514 1024 1538; x_wconf 84' lang='lat' dir='ltr'>vexet</span> <span class='ocrx_word' id='word_1_344' title='bbox 1044 1503 1178 1537; x_wconf 83' lang='lat' dir='ltr'>censura</span> <span class='ocrx_word' id='word_1_345' title='bbox 1196 1500 1377 1537; x_wconf 73' lang='lat' dir='ltr'>columbas.</span> <span class='ocrx_word' id='word_1_346' title='bbox 1405 1501 1522 1535; x_wconf 86' lang='lat' dir='ltr'>Dicere</span> <span class='ocrx_word' id='word_1_347' title='bbox 1538 1498 1662 1533; x_wconf 87' lang='lat' dir='ltr'>solebat</span> <span class='ocrx_word' id='word_1_348' title='bbox 1683 1502 1768 1532; x_wconf 82' lang='lat' dir='ltr'>Ana-</span> 
     </span>
     <span class='ocr_line' id='line_1_29' title="bbox 81 1540 1963 1600; baseline -0.001 -18"><span class='ocrx_word' id='word_1_349' title='bbox 81 1550 244 1590; x_wconf 82' lang='lat' dir='ltr'>xarchus:</span> <span class='ocrx_word' id='word_1_350' title='bbox 272 1553 519 1586; x_wconf 83' lang='lat' dir='ltr'>utAranearum</span> <span class='ocrx_word' id='word_1_351' title='bbox 527 1553 602 1585; x_wconf 82' lang='lat' dir='ltr'>telas</span> <span class='ocrx_word' id='word_1_352' title='bbox 622 1555 708 1586; x_wconf 78' lang='lat' dir='ltr'>corvi</span> <span class='ocrx_word' id='word_1_353' title='bbox 720 1562 926 1598; x_wconf 83' lang='lat' dir='ltr'>corrumpunt,</span> <span class='ocrx_word' id='word_1_354' title='bbox 937 1556 1038 1600; x_wconf 68' lang='lat' dir='ltr'>musca</span> <span class='ocrx_word' id='word_1_355' title='bbox 1053 1550 1270 1599; x_wconf 76' lang='lat' dir='ltr'>implicantur:</span> <span class='ocrx_word' id='word_1_356' title='bbox 1297 1553 1344 1584; x_wconf 83' lang='lat' dir='ltr'>ita</span> <span class='ocrx_word' id='word_1_357' title='bbox 1355 1549 1617 1596; x_wconf 74' lang='lat' dir='ltr'>legesplebeculaem</span> <span class='ocrx_word' id='word_1_358' title='bbox 1635 1557 1765 1586; x_wconf 81' lang='lat' dir='ltr'>vexant,</span> <span class='ocrx_word' id='word_1_359' title='bbox 1784 1540 1963 1575; x_wconf 65' lang='lat' dir='ltr'>Ana-’Carth</span> 
     </span>
    </p>
   </div>
   <div class='ocr_carea' id='block_1_3' title="bbox 77 1592 1959 1697">
    <p class='ocr_par' dir='ltr' id='par_1_20' title="bbox 77 1592 1959 1697">
     <span class='ocr_line' id='line_1_30' title="bbox 77 1592 1959 1649; baseline -0.006 -16"><span class='ocrx_word' id='word_1_360' title='bbox 77 1597 323 1646; x_wconf 66' lang='lat' dir='ltr'>ardpoeentibus</span> <span class='ocrx_word' id='word_1_361' title='bbox 336 1600 653 1646; x_wconf 64' lang='lat' dir='ltr'>violantarimpunnb.</span> <span class='ocrx_word' id='word_1_362' title='bbox 704 1603 810 1635; x_wconf 82' lang='lat' dir='ltr'>Etiam</span> <span class='ocrx_word' id='word_1_363' title='bbox 827 1614 946 1649; x_wconf 75' lang='lat' dir='ltr'>magna</span> <span class='ocrx_word' id='word_1_364' title='bbox 962 1604 1067 1648; x_wconf 78' lang='lat' dir='ltr'>capita</span> <span class='ocrx_word' id='word_1_365' title='bbox 1077 1601 1188 1647; x_wconf 81' lang='lat' dir='ltr'>legum</span> <span class='ocrx_word' id='word_1_366' title='bbox 1201 1599 1343 1643; x_wconf 85' lang='lat' dir='ltr'>vinculis</span> <span class='ocrx_word' id='word_1_367' title='bbox 1351 1599 1567 1645; x_wconf 75' lang='lat' dir='ltr'>stringantur.</span> <span class='ocrx_word' id='word_1_368' title='bbox 1785 1592 1865 1638; x_wconf 78' lang='lat' dir='ltr'>apud</span> <span class='ocrx_word' id='word_1_369' title='bbox 1873 1593 1959 1626; x_wconf 75' lang='lat' dir='ltr'>‘Plu-</span> 
     </span>
     <span class='ocr_line' id='line_1_31' title="bbox 182 1642 1883 1697; baseline -0.004 -13"><span class='ocrx_word' id='word_1_370' title='bbox 182 1649 242 1684; x_wconf 82' lang='lat' dir='ltr'>Vel</span> <span class='ocrx_word' id='word_1_371' title='bbox 259 1652 386 1697; x_wconf 73' lang='lat' dir='ltr'>optime</span> <span class='ocrx_word' id='word_1_372' title='bbox 405 1661 516 1686; x_wconf 79' lang='lat' dir='ltr'>autem</span> <span class='ocrx_word' id='word_1_373' title='bbox 535 1650 599 1685; x_wconf 80' lang='lat' dir='ltr'>illae</span> <span class='ocrx_word' id='word_1_374' title='bbox 618 1650 809 1691; x_wconf 86' lang='lat' dir='ltr'>florebunt,</span> <span class='ocrx_word' id='word_1_375' title='bbox 838 1662 895 1686; x_wconf 87' lang='lat' dir='ltr'>aur</span> <span class='ocrx_word' id='word_1_376' title='bbox 912 1651 1092 1697; x_wconf 87' lang='lat' dir='ltr'>aliquando</span> <span class='ocrx_word' id='word_1_377' title='bbox 1113 1648 1317 1684; x_wconf 65' lang='lat' dir='ltr'>labefactam</span> <span class='ocrx_word' id='word_1_378' title='bbox 1336 1647 1626 1684; x_wconf 79' lang='lat' dir='ltr'>restaurabuntur,</span> <span class='ocrx_word' id='word_1_379' title='bbox 1664 1643 1686 1679; x_wconf 89' lang='lat' dir='ltr'>fi</span> <span class='ocrx_word' id='word_1_380' title='bbox 1699 1643 1766 1692; x_wconf 81' lang='lat' dir='ltr'>ipse</span> <span class='ocrx_word' id='word_1_381' title='bbox 1781 1642 1883 1678; x_wconf 66' lang='lat' dir='ltr'>tarch.</span> 
     </span>
    </p>
   </div>
   <div class='ocr_carea' id='block_1_4' title="bbox 70 1690 1951 2046">
    <p class='ocr_par' dir='ltr' id='par_1_21' title="bbox 70 1690 1906 1848">
     <span class='ocr_line' id='line_1_32' title="bbox 75 1690 1906 1747; baseline -0.003 -14"><span class='ocrx_word' id='word_1_382' title='bbox 75 1698 152 1733; x_wconf 85' lang='lat' dir='ltr'>Rex</span> <span class='ocrx_word' id='word_1_383' title='bbox 161 1700 234 1734; x_wconf 87' lang='lat' dir='ltr'>viva</span> <span class='ocrx_word' id='word_1_384' title='bbox 249 1697 287 1734; x_wconf 82' lang='lat' dir='ltr'>sit</span> <span class='ocrx_word' id='word_1_385' title='bbox 298 1699 363 1739; x_wconf 76' lang='lat' dir='ltr'>lex,</span> <span class='ocrx_word' id='word_1_386' title='bbox 414 1701 452 1734; x_wconf 77' lang='lat' dir='ltr'>ld</span> <span class='ocrx_word' id='word_1_387' title='bbox 465 1723 475 1738; x_wconf 85' lang='lat'>,</span> <span class='ocrx_word' id='word_1_388' title='bbox 499 1701 589 1747; x_wconf 87' lang='lat' dir='ltr'>quod</span> <span class='ocrx_word' id='word_1_389' title='bbox 598 1703 743 1746; x_wconf 88' lang='lat' dir='ltr'>optimus</span> <span class='ocrx_word' id='word_1_390' title='bbox 751 1698 843 1745; x_wconf 74' lang='lat' dir='ltr'>aeque</span> <span class='ocrx_word' id='word_1_391' title='bbox 852 1721 862 1738; x_wconf 94' lang='lat'>,</span> <span class='ocrx_word' id='word_1_392' title='bbox 887 1711 922 1733; x_wconf 88' lang='lat' dir='ltr'>ac</span> <span class='ocrx_word' id='word_1_393' title='bbox 932 1699 1119 1744; x_wconf 85' lang='lat' dir='ltr'>justiffimus</span> <span class='ocrx_word' id='word_1_394' title='bbox 1128 1697 1235 1732; x_wconf 80' lang='lat' dir='ltr'>Caesar</span> <span class='ocrx_word' id='word_1_395' title='bbox 1247 1701 1296 1732; x_wconf 87' lang='lat' dir='ltr'>M.</span> <span class='ocrx_word' id='word_1_396' title='bbox 1307 1695 1459 1732; x_wconf 82' lang='lat' dir='ltr'>Aurelius</span> <span class='ocrx_word' id='word_1_397' title='bbox 1470 1697 1629 1730; x_wconf 88' lang='lat' dir='ltr'>Claudius</span> <span class='ocrx_word' id='word_1_398' title='bbox 1640 1696 1675 1729; x_wconf 89' lang='lat' dir='ltr'>in</span> <span class='ocrx_word' id='word_1_399' title='bbox 1687 1707 1764 1740; x_wconf 89' lang='lat' dir='ltr'>pro·</span> <span class='ocrx_word' id='word_1_400' title='bbox 1779 1690 1906 1731; x_wconf 57' lang='lat' dir='ltr'>Trebell.</span> 
     </span>
     <span class='ocr_line' id='line_1_33' title="bbox 76 1743 1881 1796; baseline -0.004 -14"><span class='ocrx_word' id='word_1_401' title='bbox 76 1746 194 1782; x_wconf 88' lang='lat' dir='ltr'>verbio</span> <span class='ocrx_word' id='word_1_402' title='bbox 204 1749 333 1786; x_wconf 76' lang='lat' dir='ltr'>habuit.</span> <span class='ocrx_word' id='word_1_403' title='bbox 382 1747 489 1784; x_wconf 81' lang='lat' dir='ltr'>Sensit</span> <span class='ocrx_word' id='word_1_404' title='bbox 508 1751 691 1788; x_wconf 84' lang='lat' dir='ltr'>nimirum,</span> <span class='ocrx_word' id='word_1_405' title='bbox 718 1749 811 1796; x_wconf 88' lang='lat' dir='ltr'>quod</span> <span class='ocrx_word' id='word_1_406' title='bbox 835 1747 929 1782; x_wconf 87' lang='lat' dir='ltr'>solon</span> <span class='ocrx_word' id='word_1_407' title='bbox 949 1747 1170 1794; x_wconf 79' lang='lat' dir='ltr'>Philosophus</span> <span class='ocrx_word' id='word_1_408' title='bbox 1179 1747 1282 1780; x_wconf 81' lang='lat' dir='ltr'>dixit:</span> <span class='ocrx_word' id='word_1_409' title='bbox 1307 1749 1341 1780; x_wconf 80' lang='lat' dir='ltr'>Si</span> <span class='ocrx_word' id='word_1_410' title='bbox 1352 1747 1496 1793; x_wconf 66' lang='lat' dir='ltr'>Princeps</span> <span class='ocrx_word' id='word_1_411' title='bbox 1506 1743 1676 1789; x_wconf 50' lang='lat' dir='ltr'>secundam</span> <span class='ocrx_word' id='word_1_412' title='bbox 1688 1745 1765 1790; x_wconf 79' lang='lat' dir='ltr'>leges</span> <span class='ocrx_word' id='word_1_413' title='bbox 1783 1744 1881 1781; x_wconf 71' lang='lat' dir='ltr'>Pollio,</span> 
     </span>
     <span class='ocr_line' id='line_1_34' title="bbox 70 1791 1763 1848; baseline -0.003 -17"><span class='ocrx_word' id='word_1_414' title='bbox 70 1800 355 1848; x_wconf 56' lang='lat' dir='ltr'>vivatmniversfaem</span> <span class='ocrx_word' id='word_1_415' title='bbox 363 1810 456 1845; x_wconf 82' lang='lat' dir='ltr'>remp.</span> <span class='ocrx_word' id='word_1_416' title='bbox 467 1798 575 1845; x_wconf 64' lang='lat' dir='ltr'>optime</span> <span class='ocrx_word' id='word_1_417' title='bbox 585 1808 656 1833; x_wconf 75' lang='lat' dir='ltr'>tunc</span> <span class='ocrx_word' id='word_1_418' title='bbox 665 1801 729 1846; x_wconf 78' lang='lat' dir='ltr'>regi</span> <span class='ocrx_word' id='word_1_419' title='bbox 740 1822 750 1836; x_wconf 90' lang='lat'><em>‚</em></span> <span class='ocrx_word' id='word_1_420' title='bbox 777 1797 909 1844; x_wconf 76' lang='lat' dir='ltr'>adeoque</span> <span class='ocrx_word' id='word_1_421' title='bbox 909 1798 1040 1844; x_wconf 75' lang='lat' dir='ltr'>singulas</span> <span class='ocrx_word' id='word_1_422' title='bbox 1047 1799 1134 1831; x_wconf 74' lang='lat' dir='ltr'>cives</span> <span class='ocrx_word' id='word_1_423' title='bbox 1145 1799 1177 1829; x_wconf 83' lang='lat' dir='ltr'>in</span> <span class='ocrx_word' id='word_1_424' title='bbox 1189 1797 1279 1842; x_wconf 82' lang='lat' dir='ltr'>officio</span> <span class='ocrx_word' id='word_1_425' title='bbox 1290 1797 1453 1831; x_wconf 80' lang='lat' dir='ltr'>contineri.</span> <span class='ocrx_word' id='word_1_426' title='bbox 1504 1796 1632 1829; x_wconf 85' lang='lat' dir='ltr'>Civitas</span> <span class='ocrx_word' id='word_1_427' title='bbox 1643 1791 1709 1826; x_wconf 76' lang='lat' dir='ltr'>sine</span> <span class='ocrx_word' id='word_1_428' title='bbox 1719 1792 1763 1826; x_wconf 91' lang='lat' dir='ltr'>le-</span> 
     </span>
    </p>

    <p class='ocr_par' dir='ltr' id='par_1_22' title="bbox 73 1840 1951 2046">
     <span class='ocr_line' id='line_1_35' title="bbox 76 1840 1924 1898; baseline -0.005 -14"><span class='ocrx_word' id='word_1_429' title='bbox 76 1859 130 1894; x_wconf 70' lang='lat' dir='ltr'>ge,</span> <span class='ocrx_word' id='word_1_430' title='bbox 157 1851 191 1881; x_wconf 89' lang='lat'><strong>&amp;</strong></span> <span class='ocrx_word' id='word_1_431' title='bbox 205 1859 345 1895; x_wconf 84' lang='lat' dir='ltr'>regnum</span> <span class='ocrx_word' id='word_1_432' title='bbox 361 1848 428 1882; x_wconf 87' lang='lat' dir='ltr'>fine</span> <span class='ocrx_word' id='word_1_433' title='bbox 440 1849 544 1896; x_wconf 86' lang='lat' dir='ltr'>Rege,</span> <span class='ocrx_word' id='word_1_434' title='bbox 571 1848 653 1895; x_wconf 87' lang='lat' dir='ltr'>quid</span> <span class='ocrx_word' id='word_1_435' title='bbox 666 1848 711 1882; x_wconf 90' lang='lat' dir='ltr'>est</span> <span class='ocrx_word' id='word_1_436' title='bbox 724 1846 783 1881; x_wconf 85' lang='lat' dir='ltr'>nisi</span> <span class='ocrx_word' id='word_1_437' title='bbox 802 1858 920 1893; x_wconf 88' lang='lat' dir='ltr'>corpus</span> <span class='ocrx_word' id='word_1_438' title='bbox 940 1846 1007 1881; x_wconf 85' lang='lat' dir='ltr'>sine</span> <span class='ocrx_word' id='word_1_439' title='bbox 1018 1845 1153 1883; x_wconf 77' lang='lat' dir='ltr'>anima?</span> <span class='ocrx_word' id='word_1_440' title='bbox 1185 1857 1217 1878; x_wconf 86' lang='lat' dir='ltr'>ar</span> <span class='ocrx_word' id='word_1_441' title='bbox 1241 1847 1349 1879; x_wconf 80' lang='lat' dir='ltr'>anima</span> <span class='ocrx_word' id='word_1_442' title='bbox 1362 1845 1455 1889; x_wconf 81' lang='lat' dir='ltr'>regni</span> <span class='ocrx_word' id='word_1_443' title='bbox 1472 1855 1585 1878; x_wconf 90' lang='lat' dir='ltr'>nonne</span> <span class='ocrx_word' id='word_1_444' title='bbox 1606 1844 1680 1877; x_wconf 82' lang='lat' dir='ltr'>Rex</span> <span class='ocrx_word' id='word_1_445' title='bbox 1689 1840 1754 1878; x_wconf 80' lang='lat' dir='ltr'>est?</span> <span class='ocrx_word' id='word_1_446' title='bbox 1780 1849 1924 1898; x_wconf 63' lang='lat' dir='ltr'>Epicharg</span> 
     </span>
     <span class='ocr_line' id='line_1_36' title="bbox 76 1892 1934 1947; baseline -0.004 -17"><span class='ocrx_word' id='word_1_447' title='bbox 76 1899 118 1930; x_wconf 75' lang='lat' dir='ltr'>Et</span> <span class='ocrx_word' id='word_1_448' title='bbox 127 1899 232 1931; x_wconf 75' lang='lat' dir='ltr'>anima</span> <span class='ocrx_word' id='word_1_449' title='bbox 243 1899 328 1944; x_wconf 78' lang='lat' dir='ltr'>Reip‚</span> <span class='ocrx_word' id='word_1_450' title='bbox 343 1909 492 1943; x_wconf 82' lang='lat' dir='ltr'>tanquam</span> <span class='ocrx_word' id='word_1_451' title='bbox 502 1901 628 1943; x_wconf 82' lang='lat' dir='ltr'>corporis</span> <span class='ocrx_word' id='word_1_452' title='bbox 647 1898 819 1943; x_wconf 73' lang='lat' dir='ltr'>cujuspiam</span> <span class='ocrx_word' id='word_1_453' title='bbox 828 1896 866 1941; x_wconf 83' lang='lat' dir='ltr'>est</span> <span class='ocrx_word' id='word_1_454' title='bbox 878 1896 942 1932; x_wconf 78' lang='lat' dir='ltr'>lex.</span> <span class='ocrx_word' id='word_1_455' title='bbox 993 1896 1195 1930; x_wconf 82' lang='lat' dir='ltr'>Assentiente</span> <span class='ocrx_word' id='word_1_456' title='bbox 1206 1897 1326 1940; x_wconf 85' lang='lat' dir='ltr'>pariter</span> <span class='ocrx_word' id='word_1_457' title='bbox 1346 1892 1495 1927; x_wconf 85' lang='lat' dir='ltr'>Demost.</span> <span class='ocrx_word' id='word_1_458' title='bbox 1544 1895 1634 1938; x_wconf 81' lang='lat' dir='ltr'>Leges</span> <span class='ocrx_word' id='word_1_459' title='bbox 1644 1894 1758 1924; x_wconf 74' lang='lat' dir='ltr'>civita·</span> <span class='ocrx_word' id='word_1_460' title='bbox 1774 1914 1843 1935; x_wconf 65' lang='lat' dir='ltr'>„ms</span> <span class='ocrx_word' id='word_1_461' title='bbox 1852 1900 1934 1947; x_wconf 63' lang='lat' dir='ltr'>apud</span> 
     </span>
     <span class='ocr_line' id='line_1_37' title="bbox 73 1940 1867 1995; baseline -0.003 -16"><span class='ocrx_word' id='word_1_462' title='bbox 73 1948 115 1979; x_wconf 85' lang='lat' dir='ltr'>tis</span> <span class='ocrx_word' id='word_1_463' title='bbox 123 1948 260 1980; x_wconf 79' lang='lat' dir='ltr'>animam</span> <span class='ocrx_word' id='word_1_464' title='bbox 271 1948 337 1994; x_wconf 68' lang='lat' dir='ltr'>ff·</span> <span class='ocrx_word' id='word_1_465' title='bbox 387 1945 651 1995; x_wconf 76' lang='lat' dir='ltr'>Qemadmodum</span> <span class='ocrx_word' id='word_1_466' title='bbox 671 1949 813 1980; x_wconf 82' lang='lat' dir='ltr'>exanime</span> <span class='ocrx_word' id='word_1_467' title='bbox 825 1956 929 1992; x_wconf 76' lang='lat' dir='ltr'>corpus</span> <span class='ocrx_word' id='word_1_468' title='bbox 944 1947 1078 1981; x_wconf 79' lang='lat' dir='ltr'>corruit,</span> <span class='ocrx_word' id='word_1_469' title='bbox 1102 1943 1139 1984; x_wconf 76' lang='lat' dir='ltr'>lic</span> <span class='ocrx_word' id='word_1_470' title='bbox 1148 1945 1259 1977; x_wconf 79' lang='lat' dir='ltr'>civitas</span> <span class='ocrx_word' id='word_1_471' title='bbox 1276 1943 1402 1990; x_wconf 73' lang='lat' dir='ltr'>(inelege</span> <span class='ocrx_word' id='word_1_472' title='bbox 1414 1954 1471 1975; x_wconf 81' lang='lat' dir='ltr'>non</span> <span class='ocrx_word' id='word_1_473' title='bbox 1478 1941 1613 1987; x_wconf 73' lang='lat' dir='ltr'>cenfistit.</span> <span class='ocrx_word' id='word_1_474' title='bbox 1670 1940 1755 1974; x_wconf 82' lang='lat' dir='ltr'>Ani·</span> <span class='ocrx_word' id='word_1_475' title='bbox 1777 1954 1867 1988; x_wconf 45' lang='grc' dir='ltr'>«ΗΜ,</span> 
     </span>
     <span class='ocr_line' id='line_1_38' title="bbox 78 1989 1951 2046; baseline -0.003 -17"><span class='ocrx_word' id='word_1_476' title='bbox 78 2005 147 2030; x_wconf 85' lang='lat' dir='ltr'>met</span> <span class='ocrx_word' id='word_1_477' title='bbox 155 1997 229 2031; x_wconf 82' lang='lat' dir='ltr'>Rex</span> <span class='ocrx_word' id='word_1_478' title='bbox 239 1999 343 2046; x_wconf 85' lang='lat' dir='ltr'>Regni</span> <span class='ocrx_word' id='word_1_479' title='bbox 356 2001 467 2033; x_wconf 83' lang='lat' dir='ltr'>anima</span> <span class='ocrx_word' id='word_1_480' title='bbox 478 1999 643 2032; x_wconf 86' lang='lat' dir='ltr'>civitatem</span> <span class='ocrx_word' id='word_1_481' title='bbox 665 1995 746 2044; x_wconf 85' lang='lat' dir='ltr'>legis</span> <span class='ocrx_word' id='word_1_482' title='bbox 764 1993 975 2031; x_wconf 71' lang='lat' dir='ltr'>observantia</span> <span class='ocrx_word' id='word_1_483' title='bbox 987 2018 998 2034; x_wconf 91' lang='lat'>,</span> <span class='ocrx_word' id='word_1_484' title='bbox 1023 1991 1092 2042; x_wconf 90' lang='lat' dir='ltr'>ipse</span> <span class='ocrx_word' id='word_1_485' title='bbox 1106 1993 1145 2028; x_wconf 87' lang='lat' dir='ltr'>fir</span> <span class='ocrx_word' id='word_1_486' title='bbox 1160 1991 1284 2039; x_wconf 82' lang='lat' dir='ltr'>spirans</span> <span class='ocrx_word' id='word_1_487' title='bbox 1296 1991 1362 2032; x_wconf 85' lang='lat' dir='ltr'>lex,</span> <span class='ocrx_word' id='word_1_488' title='bbox 1370 1996 1439 2040; x_wconf 73' lang='lat' dir='ltr'>ejus</span> <span class='ocrx_word' id='word_1_489' title='bbox 1452 1990 1641 2038; x_wconf 84' lang='lat' dir='ltr'>exemplum</span> <span class='ocrx_word' id='word_1_490' title='bbox 1652 1989 1758 2037; x_wconf 84' lang='lat' dir='ltr'>sequi·</span> <span class='ocrx_word' id='word_1_491' title='bbox 1774 2005 1884 2035; x_wconf 74' lang='lat' dir='ltr'>cicero</span> <span class='ocrx_word' id='word_1_492' title='bbox 1897 2009 1951 2046; x_wconf 66' lang='lat' dir='ltr'>pr,</span> 
     </span>
    </p>
   </div>
   <div class='ocr_carea' id='block_1_5' title="bbox 75 2047 1887 2090">
    <p class='ocr_par' dir='ltr' id='par_1_23' title="bbox 75 2047 1887 2090">
     <span class='ocr_line' id='line_1_39' title="bbox 75 2047 1887 2090; baseline -0.006 -12"><span class='ocrx_word' id='word_1_493' title='bbox 75 2053 130 2079; x_wconf 81' lang='lat' dir='ltr'>tur</span> <span class='ocrx_word' id='word_1_494' title='bbox 141 2047 239 2088; x_wconf 77' lang='lat' dir='ltr'>Grex,</span> <span class='ocrx_word' id='word_1_495' title='bbox 1771 2051 1887 2090; x_wconf 50' lang='lat' dir='ltr'><strong><em>chem·</em></strong></span> 
     </span>
    </p>
   </div>
   <div class='ocr_carea' id='block_1_6' title="bbox 388 2132 1460 2309">
    <p class='ocr_par' dir='ltr' id='par_1_24' title="bbox 388 2132 1460 2309">
     <span class='ocr_line' id='line_1_40' title="bbox 636 2132 1241 2216; baseline -0.018 -9"><span class='ocrx_word' id='word_1_496' title='bbox 636 2132 1077 2216; x_wconf 82' lang='lat' dir='ltr'>QUAESTIO</span> <span class='ocrx_word' id='word_1_497' title='bbox 1122 2132 1241 2204; x_wconf 83' lang='lat' dir='ltr'>VI.</span> 
     </span>
     <span class='ocr_line' id='line_1_41' title="bbox 388 2220 1460 2309; baseline -0.009 -22"><span class='ocrx_word' id='word_1_498' title='bbox 388 2234 475 2287; x_wconf 90' lang='lat' dir='ltr'>De</span> <span class='ocrx_word' id='word_1_499' title='bbox 489 2231 708 2286; x_wconf 73' lang='lat' dir='ltr'>Natura</span> <span class='ocrx_word' id='word_1_500' title='bbox 723 2244 796 2294; x_wconf 62' lang='grc' dir='ltr'>(φ</span> <span class='ocrx_word' id='word_1_501' title='bbox 816 2227 1212 2309; x_wconf 59' lang='lat' dir='ltr'>Proprietatibus</span> <span class='ocrx_word' id='word_1_502' title='bbox 1236 2220 1460 2303; x_wconf 76' lang='lat' dir='ltr'>lapidum</span> 
     </span>
    </p>
   </div>
   <div class='ocr_carea' id='block_1_7' title="bbox 647 2303 1032 2377">
    <p class='ocr_par' dir='ltr' id='par_1_25' title="bbox 647 2303 1032 2377">
     <span class='ocr_line' id='line_1_42' title="bbox 647 2303 1032 2377; baseline 0 -21"><span class='ocrx_word' id='word_1_503' title='bbox 647 2348 672 2373; x_wconf 62' lang='grc'>,.</span> <span class='ocrx_word' id='word_1_504' title='bbox 794 2303 1032 2377; x_wconf 78' lang='lat' dir='ltr'>inspecte.</span> 
     </span>
    </p>
   </div>
   <div class='ocr_carea' id='block_1_8' title="bbox 72 2405 1756 2569">
    <p class='ocr_par' dir='ltr' id='par_1_26' title="bbox 72 2405 1756 2569">
     <span class='ocr_line' id='line_1_43' title="bbox 72 2405 1756 2569; baseline -0.007 -115"><span class='ocrx_word' id='word_1_505' title='bbox 72 2417 263 2569; x_wconf 84' lang='lat' dir='ltr'>DE</span> <span class='ocrx_word' id='word_1_506' title='bbox 275 2418 462 2455; x_wconf 85' lang='lat' dir='ltr'>notioribus</span> <span class='ocrx_word' id='word_1_507' title='bbox 486 2422 521 2454; x_wconf 75' lang='grc' dir='ltr'>δε</span> <span class='ocrx_word' id='word_1_508' title='bbox 540 2412 801 2464; x_wconf 70' lang='lat' dir='ltr'>potentissimum</span> <span class='ocrx_word' id='word_1_509' title='bbox 817 2413 1011 2461; x_wconf 81' lang='lat' dir='ltr'>vulgaribus</span> <span class='ocrx_word' id='word_1_510' title='bbox 1026 2423 1094 2446; x_wconf 83' lang='lat' dir='ltr'>non</span> <span class='ocrx_word' id='word_1_511' title='bbox 1117 2409 1438 2459; x_wconf 79' lang='lat' dir='ltr'>pretiosislapidibus</span> <span class='ocrx_word' id='word_1_512' title='bbox 1452 2410 1557 2445; x_wconf 84' lang='lat' dir='ltr'>bacin</span> <span class='ocrx_word' id='word_1_513' title='bbox 1577 2405 1756 2457; x_wconf 63' lang='lat' dir='ltr'>rjuaestione</span> 
     </span>
    </p>
   </div>
   <div class='ocr_carea' id='block_1_9' title="bbox 58 2458 1763 3106">
    <p class='ocr_par' dir='ltr' id='par_1_27' title="bbox 239 2458 1758 2513">
     <span class='ocr_line' id='line_1_44' title="bbox 239 2458 1758 2513; baseline -0.005 -12"><span class='ocrx_word' id='word_1_514' title='bbox 239 2466 511 2504; x_wconf 83' lang='lat' dir='ltr'>disserendilocus</span> <span class='ocrx_word' id='word_1_515' title='bbox 524 2471 602 2506; x_wconf 79' lang='lat' dir='ltr'>erit,</span> <span class='ocrx_word' id='word_1_516' title='bbox 610 2465 750 2513; x_wconf 86' lang='lat' dir='ltr'>duplicis</span> <span class='ocrx_word' id='word_1_517' title='bbox 761 2466 850 2498; x_wconf 88' lang='lat' dir='ltr'>enim</span> <span class='ocrx_word' id='word_1_518' title='bbox 871 2466 1001 2510; x_wconf 87' lang='lat' dir='ltr'>generis</span> <span class='ocrx_word' id='word_1_519' title='bbox 1012 2461 1135 2507; x_wconf 85' lang='lat' dir='ltr'>lapides</span> <span class='ocrx_word' id='word_1_520' title='bbox 1146 2461 1225 2496; x_wconf 86' lang='lat' dir='ltr'>sunt</span> <span class='ocrx_word' id='word_1_521' title='bbox 1234 2485 1244 2499; x_wconf 96' lang='lat'>,</span> <span class='ocrx_word' id='word_1_522' title='bbox 1271 2472 1390 2508; x_wconf 86' lang='lat' dir='ltr'>nempe</span> <span class='ocrx_word' id='word_1_523' title='bbox 1400 2460 1451 2495; x_wconf 91' lang='lat' dir='ltr'>vel</span> <span class='ocrx_word' id='word_1_524' title='bbox 1463 2460 1612 2507; x_wconf 83' lang='lat' dir='ltr'>vulgares</span> <span class='ocrx_word' id='word_1_525' title='bbox 1622 2458 1673 2493; x_wconf 73' lang='lat' dir='ltr'>vel</span> <span class='ocrx_word' id='word_1_526' title='bbox 1683 2471 1758 2506; x_wconf 89' lang='lat' dir='ltr'>pre-</span> 
     </span>
    </p>

    <p class='ocr_par' dir='ltr' id='par_1_28' title="bbox 238 2508 1755 2564">
     <span class='ocr_line' id='line_1_45' title="bbox 238 2508 1755 2564; baseline -0.007 -14"><span class='ocrx_word' id='word_1_527' title='bbox 238 2512 309 2551; x_wconf 87' lang='lat' dir='ltr'>tiosi</span> <span class='ocrx_word' id='word_1_528' title='bbox 320 2530 378 2563; x_wconf 90' lang='lat' dir='ltr'>pto</span> <span class='ocrx_word' id='word_1_529' title='bbox 389 2512 513 2552; x_wconf 84' lang='lat' dir='ltr'>diversa</span> <span class='ocrx_word' id='word_1_530' title='bbox 526 2515 685 2564; x_wconf 84' lang='lat' dir='ltr'>siquidem</span> <span class='ocrx_word' id='word_1_531' title='bbox 699 2516 785 2548; x_wconf 86' lang='lat' dir='ltr'>varia</span> <span class='ocrx_word' id='word_1_532' title='bbox 795 2524 832 2546; x_wconf 83' lang='lat' dir='ltr'>ac</span> <span class='ocrx_word' id='word_1_533' title='bbox 843 2515 985 2546; x_wconf 85' lang='lat' dir='ltr'>materiae</span> <span class='ocrx_word' id='word_1_534' title='bbox 1006 2510 1056 2546; x_wconf 91' lang='lat' dir='ltr'>vel</span> <span class='ocrx_word' id='word_1_535' title='bbox 1072 2512 1264 2556; x_wconf 84' lang='lat' dir='ltr'>impuritate</span> <span class='ocrx_word' id='word_1_536' title='bbox 1287 2511 1339 2546; x_wconf 90' lang='lat' dir='ltr'>vel</span> <span class='ocrx_word' id='word_1_537' title='bbox 1353 2513 1495 2554; x_wconf 86' lang='lat' dir='ltr'>puritate</span> <span class='ocrx_word' id='word_1_538' title='bbox 1513 2534 1523 2549; x_wconf 84' lang='lat'>,</span> <span class='ocrx_word' id='word_1_539' title='bbox 1551 2508 1755 2545; x_wconf 80' lang='lat' dir='ltr'>subtilitate,</span> 
     </span>
    </p>

    <p class='ocr_par' dir='ltr' id='par_1_29' title="bbox 235 2555 1759 2611">
     <span class='ocr_line' id='line_1_46' title="bbox 235 2555 1759 2611; baseline -0.007 -11"><span class='ocrx_word' id='word_1_540' title='bbox 235 2564 380 2608; x_wconf 74' lang='lat' dir='ltr'>crassitie,</span> <span class='ocrx_word' id='word_1_541' title='bbox 390 2560 571 2602; x_wconf 79' lang='lat' dir='ltr'>viscositate</span> <span class='ocrx_word' id='word_1_542' title='bbox 580 2587 592 2604; x_wconf 81' lang='lat'>,</span> <span class='ocrx_word' id='word_1_543' title='bbox 616 2562 740 2611; x_wconf 85' lang='lat' dir='ltr'>lapides</span> <span class='ocrx_word' id='word_1_544' title='bbox 749 2574 888 2609; x_wconf 86' lang='lat' dir='ltr'>quoque</span> <span class='ocrx_word' id='word_1_545' title='bbox 897 2569 1094 2608; x_wconf 86' lang='lat' dir='ltr'>generantur</span> <span class='ocrx_word' id='word_1_546' title='bbox 1103 2563 1263 2606; x_wconf 85' lang='lat' dir='ltr'>puriores,</span> <span class='ocrx_word' id='word_1_547' title='bbox 1274 2561 1326 2595; x_wconf 87' lang='lat' dir='ltr'>vel</span> <span class='ocrx_word' id='word_1_548' title='bbox 1341 2562 1553 2606; x_wconf 85' lang='lat' dir='ltr'>impuriores,</span> <span class='ocrx_word' id='word_1_549' title='bbox 1578 2555 1759 2591; x_wconf 84' lang='lat' dir='ltr'>nobiliores</span> 
     </span>
    </p>

    <p class='ocr_par' dir='ltr' id='par_1_30' title="bbox 67 2607 1763 2711">
     <span class='ocr_line' id='line_1_47' title="bbox 68 2607 1763 2661; baseline -0.004 -15"><span class='ocrx_word' id='word_1_550' title='bbox 68 2611 120 2647; x_wconf 84' lang='lat' dir='ltr'>vel</span> <span class='ocrx_word' id='word_1_551' title='bbox 130 2611 360 2661; x_wconf 71' lang='lat' dir='ltr'>ignobiliores,</span> <span class='ocrx_word' id='word_1_552' title='bbox 409 2619 458 2650; x_wconf 87' lang='lat' dir='ltr'>Ita</span> <span class='ocrx_word' id='word_1_553' title='bbox 468 2614 548 2650; x_wconf 73' lang='lat' dir='ltr'>vero</span> <span class='ocrx_word' id='word_1_554' title='bbox 563 2616 602 2648; x_wconf 90' lang='lat' dir='ltr'>de</span> <span class='ocrx_word' id='word_1_555' title='bbox 613 2615 663 2648; x_wconf 80' lang='lat' dir='ltr'>his</span> <span class='ocrx_word' id='word_1_556' title='bbox 672 2611 847 2661; x_wconf 81' lang='lat' dir='ltr'>procedam</span> <span class='ocrx_word' id='word_1_557' title='bbox 862 2634 873 2651; x_wconf 93' lang='lat'>,</span> <span class='ocrx_word' id='word_1_558' title='bbox 897 2620 933 2645; x_wconf 91' lang='lat' dir='ltr'>ut</span> <span class='ocrx_word' id='word_1_559' title='bbox 944 2609 1078 2658; x_wconf 86' lang='lat' dir='ltr'>siugulis</span> <span class='ocrx_word' id='word_1_560' title='bbox 1089 2608 1355 2645; x_wconf 86' lang='lat' dir='ltr'>conclusionibus</span> <span class='ocrx_word' id='word_1_561' title='bbox 1365 2608 1490 2657; x_wconf 80' lang='lat' dir='ltr'>singula</span> <span class='ocrx_word' id='word_1_562' title='bbox 1499 2607 1643 2653; x_wconf 81' lang='lat' dir='ltr'>lapidum</span> <span class='ocrx_word' id='word_1_563' title='bbox 1659 2617 1763 2652; x_wconf 81' lang='lat' dir='ltr'>gene-</span> 
     </span>
     <span class='ocr_line' id='line_1_48' title="bbox 67 2662 1739 2711; baseline -0.003 -15"><span class='ocrx_word' id='word_1_564' title='bbox 67 2672 105 2698; x_wconf 77' lang='lat' dir='ltr'>ra</span> <span class='ocrx_word' id='word_1_565' title='bbox 117 2664 394 2711; x_wconf 85' lang='lat' dir='ltr'>comprehendam</span> <span class='ocrx_word' id='word_1_566' title='bbox 444 2667 556 2710; x_wconf 75' lang='lat' dir='ltr'>Quare</span> <span class='ocrx_word' id='word_1_567' title='bbox 565 2662 614 2700; x_wconf 78' lang='lat' dir='ltr'>sit.</span> <span class='ocrx_word' id='word_1_568' title='bbox 1731 2705 1739 2710; x_wconf 46' lang='grc'><em>·</em></span> 
     </span>
    </p>

    <p class='ocr_par' dir='ltr' id='par_1_31' title="bbox 165 2700 1760 2761">
     <span class='ocr_line' id='line_1_49' title="bbox 165 2700 1760 2761; baseline -0.009 -12"><span class='ocrx_word' id='word_1_569' title='bbox 165 2713 347 2748; x_wconf 72' lang='lat' dir='ltr'>Conclusio</span> <span class='ocrx_word' id='word_1_570' title='bbox 364 2717 484 2761; x_wconf 85' lang='lat' dir='ltr'>prima.</span> <span class='ocrx_word' id='word_1_571' title='bbox 539 2714 686 2748; x_wconf 76' lang='lat' dir='ltr'>Marmor</span> <span class='ocrx_word' id='word_1_572' title='bbox 707 2712 753 2748; x_wconf 88' lang='lat' dir='ltr'>est</span> <span class='ocrx_word' id='word_1_573' title='bbox 770 2709 851 2758; x_wconf 86' lang='lat' dir='ltr'>lapis</span> <span class='ocrx_word' id='word_1_574' title='bbox 874 2707 1016 2747; x_wconf 84' lang='lat' dir='ltr'>solidus,</span> <span class='ocrx_word' id='word_1_575' title='bbox 1041 2709 1166 2744; x_wconf 83' lang='lat' dir='ltr'>nitidus</span> <span class='ocrx_word' id='word_1_576' title='bbox 1181 2711 1216 2745; x_wconf 66' lang='grc' dir='ltr'>ὃς</span> <span class='ocrx_word' id='word_1_577' title='bbox 1230 2710 1372 2743; x_wconf 88' lang='lat' dir='ltr'>eximius</span> <span class='ocrx_word' id='word_1_578' title='bbox 1384 2731 1395 2747; x_wconf 90' lang='lat'>,</span> <span class='ocrx_word' id='word_1_579' title='bbox 1431 2702 1568 2741; x_wconf 88' lang='lat' dir='ltr'>maculis</span> <span class='ocrx_word' id='word_1_580' title='bbox 1586 2700 1760 2759; x_wconf 62' lang='lat' dir='ltr'>&amp;colori-</span> 
     </span>
    </p>

    <p class='ocr_par' dir='ltr' id='par_1_32' title="bbox 66 2751 1754 2809">
     <span class='ocr_line' id='line_1_50' title="bbox 66 2751 1754 2809; baseline -0.007 -14"><span class='ocrx_word' id='word_1_581' title='bbox 66 2757 131 2796; x_wconf 84' lang='lat' dir='ltr'>bus</span> <span class='ocrx_word' id='word_1_582' title='bbox 143 2764 241 2798; x_wconf 85' lang='lat' dir='ltr'>variis</span> <span class='ocrx_word' id='word_1_583' title='bbox 253 2761 519 2800; x_wconf 76' lang='lat' dir='ltr'>commendatus.</span> <span class='ocrx_word' id='word_1_584' title='bbox 567 2760 665 2798; x_wconf 78' lang='lat' dir='ltr'>Unde</span> <span class='ocrx_word' id='word_1_585' title='bbox 673 2765 743 2806; x_wconf 82' lang='lat' dir='ltr'>ejus</span> <span class='ocrx_word' id='word_1_586' title='bbox 751 2758 950 2807; x_wconf 81' lang='lat' dir='ltr'>compositio</span> <span class='ocrx_word' id='word_1_587' title='bbox 962 2757 1015 2793; x_wconf 90' lang='lat' dir='ltr'>seu</span> <span class='ocrx_word' id='word_1_588' title='bbox 1030 2761 1229 2793; x_wconf 75' lang='lat' dir='ltr'>commixtio</span> <span class='ocrx_word' id='word_1_589' title='bbox 1244 2758 1289 2794; x_wconf 83' lang='lat' dir='ltr'>est</span> <span class='ocrx_word' id='word_1_590' title='bbox 1303 2758 1505 2792; x_wconf 85' lang='lat' dir='ltr'>accuratior,</span> <span class='ocrx_word' id='word_1_591' title='bbox 1530 2751 1625 2809; x_wconf 63' lang='lat' dir='ltr'>idest,</span> <span class='ocrx_word' id='word_1_592' title='bbox 1643 2751 1754 2787; x_wconf 78' lang='lat' dir='ltr'>misci-—</span> 
     </span>
    </p>

    <p class='ocr_par' dir='ltr' id='par_1_33' title="bbox 63 2802 1755 2858">
     <span class='ocr_line' id='line_1_51' title="bbox 63 2802 1755 2858; baseline -0.006 -14"><span class='ocrx_word' id='word_1_593' title='bbox 63 2807 186 2846; x_wconf 86' lang='lat' dir='ltr'>bilium</span> <span class='ocrx_word' id='word_1_594' title='bbox 208 2811 373 2858; x_wconf 67' lang='lat' dir='ltr'>particulae</span> <span class='ocrx_word' id='word_1_595' title='bbox 383 2811 457 2847; x_wconf 88' lang='lat' dir='ltr'>sunt</span> <span class='ocrx_word' id='word_1_596' title='bbox 470 2815 652 2848; x_wconf 84' lang='lat' dir='ltr'>accuratius</span> <span class='ocrx_word' id='word_1_597' title='bbox 665 2809 814 2850; x_wconf 71' lang='lat' dir='ltr'>diversae.</span> <span class='ocrx_word' id='word_1_598' title='bbox 840 2807 1012 2856; x_wconf 85' lang='lat' dir='ltr'>percolatae</span> <span class='ocrx_word' id='word_1_599' title='bbox 1034 2808 1268 2855; x_wconf 81' lang='lat' dir='ltr'>&amp;implicatae.</span> <span class='ocrx_word' id='word_1_600' title='bbox 1318 2802 1755 2857; x_wconf 82' lang='lat' dir='ltr'>Laevorillipropnusaccu-</span> 
     </span>
    </p>

    <p class='ocr_par' dir='ltr' id='par_1_34' title="bbox 60 2855 1754 2908">
     <span class='ocr_line' id='line_1_52' title="bbox 60 2855 1754 2908; baseline -0.007 -14"><span class='ocrx_word' id='word_1_601' title='bbox 60 2862 222 2897; x_wconf 81' lang='lat' dir='ltr'>rariorem</span> <span class='ocrx_word' id='word_1_602' title='bbox 235 2865 378 2908; x_wconf 87' lang='lat' dir='ltr'>partium</span> <span class='ocrx_word' id='word_1_603' title='bbox 389 2861 522 2908; x_wconf 86' lang='lat' dir='ltr'>plexum</span> <span class='ocrx_word' id='word_1_604' title='bbox 533 2865 568 2896; x_wconf 87' lang='lat'>&amp;</span> <span class='ocrx_word' id='word_1_605' title='bbox 579 2865 742 2896; x_wconf 85' lang='lat' dir='ltr'>unionem</span> <span class='ocrx_word' id='word_1_606' title='bbox 754 2867 847 2894; x_wconf 83' lang='lat' dir='ltr'>notar</span> <span class='ocrx_word' id='word_1_607' title='bbox 857 2882 867 2896; x_wconf 87' lang='lat'><em>‚</em></span> <span class='ocrx_word' id='word_1_608' title='bbox 894 2857 952 2892; x_wconf 77' lang='lat' dir='ltr'>ubi</span> <span class='ocrx_word' id='word_1_609' title='bbox 968 2859 1055 2892; x_wconf 86' lang='lat' dir='ltr'>enim</span> <span class='ocrx_word' id='word_1_610' title='bbox 1071 2860 1208 2903; x_wconf 85' lang='lat' dir='ltr'>majores</span> <span class='ocrx_word' id='word_1_611' title='bbox 1220 2866 1375 2903; x_wconf 89' lang='lat' dir='ltr'>potorum</span> <span class='ocrx_word' id='word_1_612' title='bbox 1390 2855 1545 2887; x_wconf 86' lang='lat' dir='ltr'>cavitates</span> <span class='ocrx_word' id='word_1_613' title='bbox 1559 2874 1568 2889; x_wconf 85' lang='lat'>,</span> <span class='ocrx_word' id='word_1_614' title='bbox 1605 2860 1641 2883; x_wconf 91' lang='lat' dir='ltr'>ur</span> <span class='ocrx_word' id='word_1_615' title='bbox 1654 2862 1687 2884; x_wconf 76' lang='lat' dir='ltr'>in</span> <span class='ocrx_word' id='word_1_616' title='bbox 1699 2861 1754 2907; x_wconf 80' lang='lat' dir='ltr'>to-</span> 
     </span>
    </p>

    <p class='ocr_par' dir='ltr' id='par_1_35' title="bbox 61 2897 1755 2958">
     <span class='ocr_line' id='line_1_53' title="bbox 61 2897 1755 2958; baseline -0.01 -9"><span class='ocrx_word' id='word_1_617' title='bbox 61 2909 134 2956; x_wconf 81' lang='lat' dir='ltr'>Pho</span> <span class='ocrx_word' id='word_1_618' title='bbox 144 2934 155 2948; x_wconf 73' lang='grc'><strong>»</strong></span> <span class='ocrx_word' id='word_1_619' title='bbox 181 2915 323 2958; x_wconf 87' lang='lat' dir='ltr'>pumice,</span> <span class='ocrx_word' id='word_1_620' title='bbox 341 2909 523 2947; x_wconf 87' lang='lat' dir='ltr'>&amp;aliorum</span> <span class='ocrx_word' id='word_1_621' title='bbox 534 2912 669 2946; x_wconf 89' lang='lat' dir='ltr'>rudium</span> <span class='ocrx_word' id='word_1_622' title='bbox 680 2909 828 2957; x_wconf 87' lang='lat' dir='ltr'>lapidum</span> <span class='ocrx_word' id='word_1_623' title='bbox 839 2905 1035 2955; x_wconf 82' lang='lat' dir='ltr'>genetibus,</span> <span class='ocrx_word' id='word_1_624' title='bbox 1063 2908 1141 2942; x_wconf 87' lang='lat' dir='ltr'>inde</span> <span class='ocrx_word' id='word_1_625' title='bbox 1151 2916 1326 2953; x_wconf 89' lang='lat' dir='ltr'>corporum</span> <span class='ocrx_word' id='word_1_626' title='bbox 1337 2901 1490 2954; x_wconf 80' lang='lat' dir='ltr'>asperitas</span> <span class='ocrx_word' id='word_1_627' title='bbox 1501 2899 1644 2936; x_wconf 68' lang='lat' dir='ltr'>resultat,</span> <span class='ocrx_word' id='word_1_628' title='bbox 1673 2897 1755 2956; x_wconf 62' lang='lat' dir='ltr'>Dif—</span> 
     </span>
    </p>

    <p class='ocr_par' dir='ltr' id='par_1_36' title="bbox 61 2951 1754 3008">
     <span class='ocr_line' id='line_1_54' title="bbox 61 2951 1754 3008; baseline -0.006 -16"><span class='ocrx_word' id='word_1_629' title='bbox 61 2957 212 2996; x_wconf 71' lang='lat' dir='ltr'>ficillime</span> <span class='ocrx_word' id='word_1_630' title='bbox 222 2961 378 3008; x_wconf 85' lang='lat' dir='ltr'>sculpitur</span> <span class='ocrx_word' id='word_1_631' title='bbox 399 2963 433 2995; x_wconf 89' lang='lat'>&amp;</span> <span class='ocrx_word' id='word_1_632' title='bbox 446 2959 613 3006; x_wconf 81' lang='lat' dir='ltr'>expolitur</span> <span class='ocrx_word' id='word_1_633' title='bbox 628 2967 761 3006; x_wconf 83' lang='lat' dir='ltr'>propter</span> <span class='ocrx_word' id='word_1_634' title='bbox 774 2957 972 2992; x_wconf 84' lang='lat' dir='ltr'>soliditatem</span> <span class='ocrx_word' id='word_1_635' title='bbox 988 2960 1022 2991; x_wconf 88' lang='lat'>&amp;</span> <span class='ocrx_word' id='word_1_636' title='bbox 1038 2956 1269 3004; x_wconf 70' lang='lat' dir='ltr'>frigiditatem.</span> <span class='ocrx_word' id='word_1_637' title='bbox 1321 2952 1370 2984; x_wconf 79' lang='lat' dir='ltr'>Ad</span> <span class='ocrx_word' id='word_1_638' title='bbox 1387 2951 1754 2998; x_wconf 81' lang='lat' dir='ltr'>speciesunguentarias</span> 
     </span>
    </p>

    <p class='ocr_par' dir='ltr' id='par_1_37' title="bbox 60 2996 1756 3046">
     <span class='ocr_line' id='line_1_55' title="bbox 60 2996 1756 3046; baseline -0.006 -3"><span class='ocrx_word' id='word_1_639' title='bbox 60 3010 298 3046; x_wconf 83' lang='lat' dir='ltr'>&amp;aromaticas</span> <span class='ocrx_word' id='word_1_640' title='bbox 308 3009 537 3044; x_wconf 78' lang='lat' dir='ltr'>custodiendas</span> <span class='ocrx_word' id='word_1_641' title='bbox 551 3008 772 3045; x_wconf 81' lang='lat' dir='ltr'>utiliffimum.</span> <span class='ocrx_word' id='word_1_642' title='bbox 828 3007 893 3041; x_wconf 84' lang='lat' dir='ltr'>Pro</span> <span class='ocrx_word' id='word_1_643' title='bbox 910 3004 1060 3041; x_wconf 87' lang='lat' dir='ltr'>colorum</span> <span class='ocrx_word' id='word_1_644' title='bbox 1075 3016 1183 3041; x_wconf 89' lang='lat' dir='ltr'>autem</span> <span class='ocrx_word' id='word_1_645' title='bbox 1196 3008 1231 3038; x_wconf 73' lang='lat' dir='ltr'>&lt;St</span> <span class='ocrx_word' id='word_1_646' title='bbox 1258 3000 1461 3035; x_wconf 85' lang='lat' dir='ltr'>macularum</span> <span class='ocrx_word' id='word_1_647' title='bbox 1475 3000 1631 3033; x_wconf 86' lang='lat' dir='ltr'>varietate</span> <span class='ocrx_word' id='word_1_648' title='bbox 1643 2996 1756 3031; x_wconf 73' lang='lat' dir='ltr'>multat</span> 
     </span>
    </p>

    <p class='ocr_par' dir='ltr' id='par_1_38' title="bbox 58 3045 1754 3106">
     <span class='ocr_line' id='line_1_56' title="bbox 58 3045 1754 3106; baseline -0.011 -11"><span class='ocrx_word' id='word_1_649' title='bbox 58 3061 236 3095; x_wconf 86' lang='lat' dir='ltr'>marmoris</span> <span class='ocrx_word' id='word_1_650' title='bbox 252 3061 426 3095; x_wconf 86' lang='lat' dir='ltr'>traduntur</span> <span class='ocrx_word' id='word_1_651' title='bbox 438 3057 575 3106; x_wconf 87' lang='lat' dir='ltr'>species,</span> <span class='ocrx_word' id='word_1_652' title='bbox 603 3057 656 3093; x_wconf 89' lang='lat' dir='ltr'>sed</span> <span class='ocrx_word' id='word_1_653' title='bbox 671 3059 839 3106; x_wconf 82' lang='lat' dir='ltr'>praecipuae</span> <span class='ocrx_word' id='word_1_654' title='bbox 854 3054 928 3090; x_wconf 85' lang='lat' dir='ltr'>suut</span> <span class='ocrx_word' id='word_1_655' title='bbox 942 3066 952 3093; x_wconf 67' lang='grc' dir='ltr'><strong>ι</strong></span> <span class='ocrx_word' id='word_1_656' title='bbox 978 3055 1196 3098; x_wconf 68' lang='grc' dir='ltr'>ΑΙαόαβνέιη,</span> <span class='ocrx_word' id='word_1_657' title='bbox 1220 3050 1345 3096; x_wconf 76' lang='lat' dir='ltr'>Ophites</span> <span class='ocrx_word' id='word_1_658' title='bbox 1360 3072 1370 3088; x_wconf 84' lang='lat'>‚</span> <span class='ocrx_word' id='word_1_659' title='bbox 1396 3049 1433 3085; x_wconf 55' lang='grc' dir='ltr'><em>ὠ</em></span> <span class='ocrx_word' id='word_1_660' title='bbox 1446 3047 1644 3099; x_wconf 79' lang='lat' dir='ltr'>Porphyrites.</span> <span class='ocrx_word' id='word_1_661' title='bbox 1673 3045 1754 3078; x_wconf 84' lang='lat' dir='ltr'>Ala-</span> 
     </span>
    </p>
   </div>
   <div class='ocr_carea' id='block_1_10' title="bbox 60 3093 1746 3192">
    <p class='ocr_par' dir='ltr' id='par_1_39' title="bbox 60 3093 1746 3192">
     <span class='ocr_line' id='line_1_57' title="bbox 60 3093 1746 3192; baseline -0.009 -46"><span class='ocrx_word' id='word_1_662' title='bbox 60 3107 210 3160; x_wconf 54' lang='lat' dir='ltr'>st—ffites</span> <span class='ocrx_word' id='word_1_663' title='bbox 223 3110 270 3160; x_wconf 50' lang='grc' dir='ltr'>ες</span> <span class='ocrx_word' id='word_1_664' title='bbox 289 3119 434 3158; x_wconf 78' lang='lat' dir='ltr'>marmor</span> <span class='ocrx_word' id='word_1_665' title='bbox 453 3105 666 3157; x_wconf 82' lang='lat' dir='ltr'>perspicuum</span> <span class='ocrx_word' id='word_1_666' title='bbox 679 3132 690 3151; x_wconf 86' lang='lat'>,</span> <span class='ocrx_word' id='word_1_667' title='bbox 716 3103 939 3157; x_wconf 61' lang='lat' dir='ltr'>candidum&amp;</span> <span class='ocrx_word' id='word_1_668' title='bbox 951 3116 1020 3152; x_wconf 80' lang='lat' dir='ltr'>quo</span> <span class='ocrx_word' id='word_1_669' title='bbox 1036 3104 1172 3153; x_wconf 81' lang='lat' dir='ltr'>pyxides</span> <span class='ocrx_word' id='word_1_670' title='bbox 1191 3112 1252 3150; x_wconf 88' lang='lat' dir='ltr'>pro</span> <span class='ocrx_word' id='word_1_671' title='bbox 1274 3099 1420 3146; x_wconf 80' lang='lat' dir='ltr'>odoratis</span> <span class='ocrx_word' id='word_1_672' title='bbox 1445 3093 1746 3192; x_wconf 49' lang='lat' dir='ltr'>unguentgpgppez.</span> 
     </span>
    </p>
   </div>
  </div>
 </body>
</html>
