2060 3444
8 1401 14 1439 ι·

8 1442 14 1471 f.

9 1480 12 1530 ἱ

10 1532 13 1582 ἑ

587 153 947 227 Philosophico
961 188 982 196 —
997 157 1229 213 politica.
1416 180 1419 181 ⁷
1691 160 1759 229 63

74 245 158 282 550.
209 242 246 275 ln
260 242 396 278 modum
405 247 552 281 maximae
562 244 662 281 trabis
675 255 730 289 per
741 256 774 289 4.
785 242 908 278 menses
921 241 1005 277 visus
1025 244 1068 278 est
1084 254 1181 290 ¹017.
1233 242 1396 278 Mirabilis
1414 246 1447 279 &
1471 242 1642 290 singularis
1662 244 1757 288 plane

74 288 247 324 videbatur
260 303 389 327 cometa
413 307 502 328 anno
519 307 530 330 r
544 297 619 331 180.
632 305 708 326 nam
725 291 907 339 serpentem
922 293 1101 326 scirnusum
1114 292 1344 339 repraesentans
1359 305 1446 327 nunc
1457 291 1730 339 progrediebatur
1746 304 1757 335 3

74 340 204 372 nuncin
217 337 355 383 spirasse
369 342 571 390 colligebat3
598 353 686 376 nunc
706 354 779 375 cum
792 345 928 376 horrore
940 343 1141 375 intuentium
1153 365 1163 380 ,
1184 341 1274 389 quasi
1285 341 1459 377 inferiores
1476 354 1515 375 ex
1537 341 1605 375 alto
1617 344 1754 374 devora·

75 396 167 420 turus
179 386 267 427 effer,
288 390 424 425 humani
435 392 600 439 sanguinis
612 392 726 426 avidus
737 392 860 425 vastum
871 391 989 424 :icium
1000 390 1178 437 aperiebat.
1208 395 1309 424 Anno
1334 403 1433 436 1511.
1453 390 1565 424 illuxit
1581 401 1708 424 cometa
1722 391 1756 423 in

76 436 380 474 Lombardiainstar
390 444 473 488 ignei
487 442 626 487 pavonis
639 462 649 476 ‚
674 439 772 486 equo
785 463 794 477 ,
821 439 898 474 cum
914 439 1094 473 evanuisset
1116 450 1179 473 tres
1197 439 1320 486 lapides
1340 440 1505 485 sulphurei
1528 441 1720 473 deciderunt
1748 462 1757 476 2

77 496 220 529 quorum
233 491 358 532 primus
376 492 543 525 maniter
558 494 618 526 60.
633 491 748 522 tertius
764 500 816 525 20.
833 488 931 523 libras
946 489 1090 534 pondere
1102 491 1257 534 aequavit.
1312 490 1412 521 Anno
1434 500 1519 536 ¹54¹·
1537 499 1662 523 cometa
1685 489 1756 520 visu

77 531 232 568 terribilis
248 538 408 572 Draconis
422 535 566 572 formam
588 537 752 576 referens,
771 537 973 584 caudamque
988 538 1188 585 praelougam
1206 541 1334 585 igneam
1353 542 1533 571 extendens
1556 539 1607 571 die
1630 549 1660 574 2.
1673 539 1758 582 Aug.

76 586 270 629 conspectus
280 586 336 620 est.
386 586 457 620 Hac
471 586 639 622 occasione
661 585 772 632 figurae
788 587 918 622 diversae
938 588 1117 621 incometis
1128 597 1310 623 annotatae‚
1335 587 1534 621 eruditionis
1552 586 1756 620 caulaanne-

78 632 165 666 ciere
175 633 308 679 placuit.

179 681 323 717 Observa
337 693 449 718 tamen
462 704 472 724 ,
495 683 696 718 differentias
705 695 907 719 cometarum
921 681 1119 730 potissimum
1130 696 1170 718 ex
1187 682 1253 717 sola
1265 680 1477 729 dispositione
1487 681 1572 717 visas
1585 684 1692 718 nostis
1705 685 1756 718 in-

83 740 133 764 ter
144 730 251 766 Solem
263 735 450 767 &cometas
461 736 562 772 oriri,
584 732 698 780 procul
719 733 837 780 nempe
855 733 1044 778 hujusmodi
1066 745 1203 780 corpora
1222 733 1316 766 aliter
1342 744 1378 765 ac
1396 730 1490 766 aliter
1508 735 1542 766 in
1567 734 1681 767 oculos
1698 745 1759 766 no·

82 778 164 814 stros
181 782 368 823 incurrunt.
444 785 538 818 Unde
552 783 635 817 bene
658 785 755 816 etiam
766 783 887 818 Seneca
897 783 918 819 l.
931 792 1000 826 7.C.
1021 794 1030 817 ι
1045 793 1074 819 1.
1086 784 1125 816 de
1140 784 1279 816 cometis
1297 781 1450 815 diflerens
1467 784 1529 815 ait:
1557 783 1630 816 Sive
1652 781 1712 815 sint
1725 793 1762 815 a·

86 827 528 875 liquaedifferentiaeillorum
544 856 553 871 ‚
573 831 637 866 five
647 843 716 865 non
732 830 820 879 fiut3
844 825 956 865 eadem
968 830 1048 863 fiant
1059 834 1173 863 omnia
1185 835 1313 864 ratione
1326 829 1450 865 necesse
1467 830 1524 867 est.
1574 830 1701 874 Quodsi
1713 841 1760 864 ta-

85 889 163 912 men
176 889 307 913 cometae
318 881 621 916 extraordinarii&
634 879 763 914 insolita
778 878 960 927 apparuisse
974 878 1097 926 figura,
1116 879 1227 926 quales
1241 879 1339 925 paulo
1348 891 1423 915 ante
1437 879 1762 914 enumeraticensen-

88 937 160 966 tur,
173 925 212 960 ab
222 927 431 964 Astronomis
439 932 655 966 adnotentur.
681 930 844 977 Singulari
855 929 1053 963 hauddubio
1065 928 1177 962 divina
1190 931 1403 962 ordinatione
1415 930 1454 962 ad
1465 929 1659 963 erudiendas
1673 941 1762 962 mor-

89 979 202 1012 talium
211 989 338 1013 mentes
347 979 386 1014 de
398 979 554 1016 secuturis
567 978 706 1014 insolitis
715 977 846 1013 finistrae
857 989 913 1012 aut
926 980 1086 1024 prosperae
1097 977 1191 1012 sortis
1208 975 1384 1012 eventibus
1406 980 1449 1012 ita
1467 975 1630 1027 effigiatos
1641 976 1764 1013 fuine„

87 1026 298 1072 credipotest.

193 1074 595 1114 Duffltabisnihilominus
607 1082 642 1115 &
652 1089 789 1125 quares,
816 1075 985 1125 quomodo
996 1087 1094 1123 caput
1103 1086 1235 1111 cometae
1247 1073 1463 1111 constitutum
1476 1072 1540 1114 fit?
1566 1074 1695 1119 Resp.&
1709 1074 1746 1109 fit

185 1124 366 1160 Conclusio
375 1130 496 1173 prima:
522 1129 632 1174 Caput
649 1138 785 1162 cometae
800 1125 977 1160 formatum
987 1138 1027 1159 ex
1037 1128 1169 1160 materia
1184 1124 1326 1163 coelesti,
1344 1124 1426 1158 bene
1438 1126 1611 1172 compasta
1624 1123 1767 1158 ambitur

90 1173 276 1221 &cingitur
285 1175 326 1208 ab
344 1177 613 1212 exhalationibus
622 1175 827 1224 velpartibus
837 1176 984 1210 aethereis
994 1174 1106 1209 minus
1119 1173 1268 1209 densis&
1279 1177 1400 1220 opacis.
1453 1175 1578 1209 Rursus
1594 1173 1669 1207 licet
1685 1172 1766 1206 lito-

91 1233 208 1267 pacurn
219 1235 252 1257 ac
265 1223 373 1258 lucem
388 1226 552 1265 refletfitan
568 1225 782 1262 habettamen
792 1227 889 1259 etiarn
902 1225 1048 1271 aliquam
1058 1224 1346 1270 diaphaneitatem,
1366 1222 1431 1270 qua
1442 1222 1547 1257 lucem
1562 1225 1769 1261 transmittit,

89 1268 156 1305 five
168 1273 293 1307 constat
302 1277 444 1309 tenuiori
455 1298 465 1313 ,
485 1279 517 1310 &
529 1277 680 1310 dilutiori
695 1274 830 1309 materia
840 1271 1152 1321 porisc'iueinterfita
1163 1296 1172 1310 ,
1189 1283 1224 1306 ut
1237 1272 1334 1306 radiis
1345 1270 1504 1306 solaribus
1518 1272 1604 1306 haud
1623 1269 1766 1305 difficul-

90 1321 320 1357 tertranfitum
331 1325 509 1359 concedere
522 1325 630 1371 poffit.
679 1325 760 1358 Non
771 1323 815 1357 est
824 1325 994 1357 accensum
1007 1346 1016 1362 ‚
1038 1321 1090 1356 sed
1100 1323 1260 1356 duntaxat
1275 1320 1290 1356 ὲ
1306 1319 1630 1355 Soleilluminatum.
1671 1322 1770 1355 Ratio

91 1367 317 1406 assertiultimi
334 1396 343 1412 ‚
361 1374 477 1421 dequo
489 1375 630 1408 maxime
643 1371 865 1408 controversia
874 1372 939 1416 est,
960 1384 999 1407 ex
1018 1384 1058 1406 eo
1072 1371 1274 1408 desumitur:
1302 1374 1378 1417 quia
1393 1368 1412 1403 fi
1426 1381 1554 1403 cornera
1573 1372 1657 1417 ignis
1669 1368 1745 1402 effer
1758 1391 1769 1406 ‚

90 1430 201 1453 motus
218 1423 284 1464 ejus
294 1433 505 1472 nequaquam
518 1421 579 1458 esse
589 1421 690 1470 posset
701 1421 783 1456 adeo
795 1421 970 1470 regularis,
994 1425 1029 1456 ὃς
1041 1420 1191 1455 constans
1203 1442 1213 1457 ‚
1233 1430 1343 1466 neque
1363 1430 1460 1464 caput
1473 1418 1572 1452 ferret
1584 1443 1592 1457 ,
1621 1429 1701 1465 neq;
1713 1429 1769 1451 co-

95 1479 183 1502 mam
195 1473 382 1514 projiceoer,
404 1483 520 1518 utp0te
530 1474 650 1507 temere
661 1469 835 1519 propulsus
847 1470 998 1505 violento
1010 1471 1148 1505 aetionis
1158 1472 1260 1516 igneae
1271 1471 1399 1512 impetu
1413 1493 1421 1507 .
1439 1480 1547 1515 neque
1561 1468 1676 1500 durare
1686 1478 1766 1499 tam-

92 1517 148 1550 diu
161 1518 274 1564 pollet.
329 1522 552 1568 Deindeignis
566 1521 880 1569 perpendiculariter
893 1519 1016 1554 sursum
1029 1520 1135 1553 tendit
1148 1541 1158 1557 ,
1181 1528 1314 1552 cometae
1334 1515 1411 1550 vero
1430 1518 1531 1550 cauda
1547 1515 1701 1550 deorsum
1713 1515 1772 1548 ali-

94 1567 229 1612 quando
242 1591 252 1606 ‚
273 1570 352 1615 iaepe
363 1568 520 1618 oblique,
546 1576 579 1607 &
589 1576 713 1617 (emper
726 1570 814 1604 resta
824 1582 863 1603 ex
874 1566 1010 1603 adverso
1021 1568 1105 1602 Solis
1117 1569 1308 1614 porrigitur.
1359 1567 1447 1600 Hinc
1461 1565 1608 1612 sequitur

192 1617 372 1653 Conclusio
386 1619 541 1658 secunda:
568 1621 683 1655 Cauda
694 1630 828 1653 cornetae
837 1618 883 1653 est
898 1618 1261 1653 rarioradhucmateria
1272 1640 1280 1654 .
1299 1616 1398 1662 quam
1412 1613 1465 1648 illa
1477 1640 1489 1661 ,
1509 1615 1597 1648 unde
1610 1624 1706 1659 caput
1720 1624 1773 1645 co„

94 1675 188 1698 meta:
198 1667 322 1701 constat
334 1691 344 1706 ,
372 1668 423 1703 sed
432 1670 577 1717 ejusdem
589 1681 699 1704 tamen
708 1671 859 1706 rationis.
911 1668 992 1701 Non
1009 1665 1087 1701 vero
1100 1666 1144 1700 est
1154 1664 1194 1699 ab
1207 1661 1387 1699 intrinseco
1397 1663 1523 1698 accensa
1538 1666 1572 1699 Sc
1593 1663 1774 1709 splendida.

96 1710 148 1747 sed
167 1727 265 1760 opaca
277 1717 530 1753 &illuminatas
544 1717 775 1754 solarilumine
788 1730 844 1765 per
857 1729 955 1764 caput
973 1726 1106 1750 cometae
1120 1712 1317 1750 transmiffo.
1370 1716 1471 1749 Ratio
1482 1712 1548 1751 est,
1570 1715 1668 1760 quia,
1695 1711 1775 1745 ficut

97 1773 154 1810 per
169 1764 343 1811 quodlibet
354 1762 504 1804 foramen
520 1793 531 1809 ‚
546 1779 601 1804 aut
615 1763 809 1816 particulam
827 1769 964 1801 vitream
981 1776 1162 1800 convexam
1172 1762 1362 1798 Solradiosa
1383 1764 1551 1809 pyramide
1566 1765 1601 1796 in
1620 1760 1776 1795 conclave

95 1811 230 1859 illucet3
256 1826 310 1850 aut
321 1828 377 1862 per
389 1822 490 1852 varias
503 1818 581 1865 (πρὸ
597 1817 701 1852 nubes
722 1816 906 1851 luminosus
923 1816 1045 1850 traistus
1058 1813 1183 1848 sursum
1195 1837 1204 1852 ,
1221 1811 1412 1847 deorsumve
1430 1813 1596 1857 projicitur
1608 1833 1617 1847 ,
1637 1809 1710 1843 cum
1725 1805 1777 1840 vel

97 1861 287 1908 igneacoelo
303 1865 364 1899 rtla
375 1870 462 1901 mitti
475 1891 485 1908 ‚
504 1867 706 1902 velcoelestes
717 1869 824 1912 virgas
843 1864 964 1899 vibrati
976 1865 1119 1898 dicimus
1133 1873 1145 1907 ς
1171 1863 1285 1896 eodem
1300 1863 1402 1894 modo
1423 1869 1628 1905 transparens
1646 1857 1706 1892 esse
1719 1868 1779 1903 po-

99 1909 159 1944 test
169 1923 454 1962 cometaecorpus,
473 1921 506 1951 &
518 1916 592 1950 ideo
605 1915 814 1949 radiisolares
827 1925 881 1960 per
893 1913 975 1947 illud
992 1912 1175 1947 vibrantur.
1224 1910 1274 1943 Sic
1294 1913 1392 1943 etiam
1411 1907 1610 1954 conspicitur
1631 1911 1662 1940 in
1673 1909 1779 1941 vitreo

99 1957 204 2006 globo
213 1961 335 2002 solido,
356 1966 504 2011 autaqui
516 1964 635 2011 pleno,
652 1967 695 1998 ita
707 1976 763 2010 per
777 1962 953 2009 angustum
968 1960 1120 1994 foramen
1139 1963 1172 1993 in
1190 1957 1366 1992 obscurum
1386 1957 1576 1992 cubiculum
1593 1955 1750 1989 illabente
1770 1976 1780 1992 ‚

98 2018 139 2053 ut
153 2021 227 2056 pars
243 2013 410 2048 radiorum
430 2017 465 2048 in
482 2018 637 2061 parietem
655 2013 767 2047 album
782 2012 923 2049 incidat,
950 2022 1024 2056 pars
1046 2010 1191 2055 margine
1204 2005 1295 2055 globi
1306 2009 1498 2052 excipiatur.
1549 2004 1782 2039 Confirmarur

100 2054 164 2091 hoc
177 2060 376 2104 potissimum
388 2076 426 2096 ex
441 2076 480 2096 eo
491 2086 500 2100 ‚
518 2063 607 2110 quod
621 2066 655 2097 in
665 2060 822 2096 omnibus
832 2062 968 2094 cometis
980 2082 990 2097 ,
1006 2060 1064 2106 qui
1075 2058 1114 2092 ab
1126 2069 1220 2091 annis
1230 2067 1364 2091 centurn
1376 2054 1569 2102 apparuere,
1583 2055 1683 2088 cauda
1699 2052 1781 2086 sem-

103 2118 160 2153 per
173 2110 208 2141 in
217 2109 381 2145 adversam
398 2113 415 2146 32
434 2112 507 2147 Sole
518 2124 643 2159 partem
659 2110 869 2158 protenditur
883 2118 896 2157 3
922 2110 1015 2156 quod
1028 2117 1259 2154 argumentum
1269 2103 1314 2139 est
1325 2130 1334 2144 ‚
1355 2105 1490 2139 caudam
1503 2104 1592 2138 illam
1603 2103 1664 2136 esse
1677 2102 1783 2137 rario-

101 2168 171 2190 κω
185 2161 355 2194 materiam
367 2160 383 2195 a
393 2162 492 2196 radiis
508 2161 589 2196 Solis
600 2174 656 2208 per
666 2164 809 2207 caput&
822 2170 941 2204 corpus
954 2168 1087 2191 cometae
1109 2153 1249 2200 irajeetis
1261 2157 1291 2189 ἃ
1306 2154 1454 2188 refractis
1469 2152 1703 2188 illuminatam.
1741 2152 1783 2182 A·

100 2200 261 2252 liquando
273 2220 381 2244 tamen
393 2210 601 2246 observatum
613 2210 669 2249 est,
694 2221 856 2244 cometam
869 2208 1005 2242 caudam
1017 2208 1173 2252 projicere
1185 2207 1216 2238 in
1228 2204 1419 2250 oppnsitum
1429 2202 1564 2237 ahetius
1577 2199 1672 2235 stella
1692 2197 1786 2233 valde

103 2252 239 2290 lucentis
259 2281 268 2296 ‚
286 2262 318 2292 &
333 2261 492 2306 praecipue
503 2264 661 2298 Veneris,
685 2262 763 2306 quia
783 2270 861 2293 tuuc
876 2257 977 2291 cauda
996 2254 1159 2289 formatur
1169 2266 1209 2287 ex
1223 2255 1323 2288 radiis
1333 2255 1481 2287 Veneris.
1533 2253 1622 2286 Hinc

203 2307 286 2341 Bene
297 2310 449 2353 explicari
461 2310 565 2356 potest
580 2308 688 2353 primo
703 2332 713 2347 ‚
730 2321 787 2343 cur
801 2308 902 2342 cauda
913 2306 1023 2340 minus
1040 2301 1076 2339 fit
1094 2302 1280 2338 illuminata
1293 2327 1302 2341 ‚
1323 2303 1421 2349 quam
1435 2313 1555 2346 corpus
1564 2309 1712 2336 comem,
1734 2308 1785 2331 ra-

107 2353 154 2386 tio
170 2353 233 2392 est,
254 2360 326 2403 quia
343 2358 567 2394 exhalationes
581 2363 613 2394 &
625 2369 730 2405 partes
744 2357 888 2391 aethereae
898 2357 1037 2389 rariores
1051 2353 1235 2388 formantes
1248 2354 1383 2387 caudam
1395 2351 1469 2386 sunt
1484 2349 1596 2385 minus
1608 2360 1725 2396 opacae.
1741 2356 1788 2379 at·

106 2414 172 2449 que
180 2404 614 2443 adebreflechmtminorem
625 2407 732 2442 lucem
745 2430 756 2445 ,
773 2407 874 2453 quam
890 2416 1010 2450 corpus
1018 2414 1166 2439 cometae.
1704 2447 1711 2453 ι

205 2453 392 2500 Explicatur
403 2458 545 2493 secundo
559 2483 569 2498 ,
592 2470 648 2491 cur
667 2457 767 2490 cauda
781 2454 879 2489 soleat
899 2452 960 2487 elle
976 2452 1073 2487 latior
1087 2454 1121 2486 in
1137 2451 1224 2490 fine,
1246 2449 1345 2499 quam
1371 2451 1404 2483 in
1421 2447 1586 2496 principio
1610 2449 1792 2492 imaginem

108 2504 287 2546 pyramidis
306 2506 437 2542 inversae
456 2507 620 2555 effigians.
672 2508 774 2542 Ratio
793 2504 836 2538 est
851 2527 860 2541 ‚
882 2505 959 2549 quia
980 2502 1061 2536 radii
1088 2499 1221 2535 refracti
1244 2500 1420 2547 postquam
1443 2500 1605 2532 uniuntur
1624 2499 1656 2531 in
1674 2494 1791 2539 aliquo

112 2551 251 2596 Pumsto,
262 2554 378 2588 deinde
393 2556 615 2595 decussantur,
629 2557 912 2590 &devaricantun
925 2550 1089 2598 atq3adco
1105 2550 1175 2597 post
1189 2548 1443 2584 decollationem
1458 2549 1568 2581 caudae
1589 2546 1703 2590 incipit
1714 2541 1796 2598 late-

105 2599 201 2634 scere.
226 2602 288 2635 Seu
299 2615 332 2637 ut
343 2605 424 2639 alius
435 2606 501 2640 fors
511 2597 629 2640 clarius
642 2621 646 2625 ·
661 2602 797 2650 xplicatg
818 2601 895 2649 quia
911 2603 943 2633 in
956 2600 1056 2646 priori
1068 2611 1159 2646 parte
1171 2610 1305 2633 tometae
1315 2598 1446 2632 collecti
1461 2595 1533 2630 sunt
1545 2596 1646 2632 radii,
1670 2589 1791 2625 deinde

108 2648 187 2684 vere>
198 2650 353 2693 paulatim
366 2652 558 2689 diffecantur
571 2658 604 2689 &
618 2652 853 2688 diffunduntur
865 2673 874 2688 ,
893 2662 933 2684 eo
955 2648 1024 2683 fere
1033 2650 1134 2683 modo
1147 2672 1156 2686 ‚
1179 2661 1248 2696 quo
1267 2648 1428 2683 nebuloso
1450 2645 1615 2679 interdum
1632 2639 1718 2675 coelo
1732 2636 1797 2691 =Sol

110 2709 164 2744 per
177 2699 324 2746 quaedam
343 2702 482 2739 nubium
493 2703 656 2739 foramina
669 2703 777 2737 radios
787 2725 796 2739 ,
822 2705 856 2735 δε
867 2703 1030 2746 virgarum
1045 2697 1145 2733 veluti
1156 2695 1240 2732 faces
1251 2697 1410 2743 jaculatur
1421 2697 1456 2730 in
1468 2697 1560 2728 exitu
1571 2688 1770 2737 compresios
1782 2709 1794 2726 .

110 2745 164 2782 sed
175 2749 335 2796 paularim
349 2754 380 2787 ie
394 2754 581 2789 diducentes
596 2756 629 2788 &
642 2753 839 2799 spargente&
898 2792 904 2798 ,
1697 2790 1716 2797 ..

212 2799 402 2847 Explicatur
411 2802 528 2842 tertiot
552 2803 621 2837 Cur
633 2801 884 2849 aliquicometae
897 2799 1009 2832 criniti
1026 2795 1101 2837 sint,
1124 2795 1178 2830 alii
1189 2794 1317 2830 barbati
1330 2819 1339 2833 ,
1356 2795 1434 2841 quia
1445 2787 1625 2837 aliquando
1636 2789 1716 2822 ndu
1727 2799 1797 2845 fna-

115 2849 229 2883 teriam
241 2862 375 2885 cometae
386 2851 566 2887 denfiorem
587 2864 656 2886 non
670 2849 802 2898 possunt
816 2846 1008 2896 persuadere
1022 2871 1030 2887 ‚
1047 2847 1098 2879 sed
1116 2846 1174 2880 hac
1196 2844 1269 2879 illac
1287 2843 1517 2896 disperguntur
1530 2861 1538 2875 2
1567 2841 1599 2872 &
1615 2837 1799 2872 [ebulliunt

113 2897 148 2930 in
161 2895 366 2943 superficiem
384 2924 394 2940 ‚
411 2901 551 2948 eamque
561 2900 664 2937 veluti
677 2910 839 2934 coronant
851 2921 859 2936 ‚
886 2901 919 2932 δε
932 2899 1083 2931 crinitam
1097 2894 1256 2932 efficiunt,
1310 2894 1398 2937 Qia
1414 2901 1492 2922 vero
1507 2887 1589 2921 radi!
1603 2885 1717 2933 (ῑΡῗὺδ
1729 2898 1799 2920 Πῡῐὶ

114 2956 332 2995 perruperunt
350 2973 360 2989 ‚
408 2953 505 2984 initio
532 2952 702 2985 materiam
713 2973 723 2989 ‚
772 2945 881 2995 postea
915 2946 994 2979 vero
1029 2943 1224 2978 dissolvente
1251 2941 1281 2975 se
1311 2938 1444 2974 materia
1482 2940 1567 2970 viam
1603 2939 1797 2992 reperiunt.

116 3005 286 3040 Propterea
318 3003 486 3048 contingit
522 3012 591 3034 non
629 2997 705 3032 raro
740 3021 750 3037 ‚
778 3008 813 3031 ut
853 2995 1011 3030 barbatus
1049 3006 1089 3027 ex
1127 2996 1248 3027 crinito
1282 2989 1337 3023 fiat
1379 2997 1521 3043 cometes
1533 3008 1543 3023 ‚
1609 2983 1687 3020 sicut
1734 2995 1806 3018 vice

116 3055 165 3077 νεῖ
177 3042 204 3077 [ἓ
218 3046 260 3080 ob
268 3053 468 3084 contrariam
478 3051 639 3083 rationem
652 3060 693 3081 ex
705 3045 844 3081 barbato
854 3043 1152 3079 efficiturcrinitus.
1202 3043 1304 3083 Cujus
1314 3039 1469 3072 etiamrei
1490 3033 1580 3094 :ausa
1601 3046 1617 3067 e
1629 3036 1670 3070 ise
1679 3033 1783 3082 potest
1793 3053 1805 3069 ι

114 3103 162 3125 ¹³³²·
172 3100 217 3135 50¹*
229 3108 281 3131 aut
294 3102 404 3134 minor
415 3098 555 3135 accessus
567 3098 606 3131 ad
615 3095 736 3136 Solem,
762 3107 797 3131 ut
810 3093 893 3129 bene
903 3092 1088 3127 observavit
1102 3090 1220 3136 Tycho
1233 3091 1265 3122 in
1281 3097 1408 3121 cometa
1429 3086 1528 3131 1584.
1538 3095 1611 3117 cum
1624 3088 1713 3118 enim
1725 3093 1804 3129 pro-

114 3153 186 3189 pior
198 3143 265 3180 soli
274 3147 319 3183 est
328 3149 497 3192 Cometes,
517 3144 726 3183 comantibus
740 3154 873 3194 apparet
888 3142 999 3182 radiis,
1026 3140 1102 3177 cum
1117 3139 1251 3177 recedit,
1283 3133 1547 3185 promittiturilli
1559 3136 1671 3168 cauda.
1707 3179 1784 3214 con
