2060 3444
283 213 512 271 Politicis
533 235 828 273 exornatam
841 221 1040 292 placitis
1065 224 1281 293 Augustis
1307 219 1541 273 manibus
1558 216 1723 271 defert
1738 257 1751 279 ‚
1776 235 1834 271 ut
1849 215 1958 270 sub-

285 286 420 341 limis
437 291 524 343 ille
539 293 766 343 animi&
779 294 963 343 mentis
974 295 1125 363 Vigor
1137 331 1150 352 ,
1174 295 1262 365 qui
1274 295 1350 344 Te
1365 293 1470 364 pari
1493 292 1655 363 gradu
1670 292 1724 341 &
1736 292 1959 361 Regerm

287 364 342 413 a&
356 359 720 432 Philosophum
733 364 1002 415 constituit
1018 403 1029 423 ,
1055 364 1259 416 affinem
1288 363 1378 417 fibi
1405 361 1665 416 inveniret
1679 366 1957 413 materiam.

284 432 461 484 Prima:
473 435 669 504 paginae
683 433 833 485 facies
844 454 928 486 eos
942 436 1128 506 Regios
1142 436 1455 507 praevolante
1469 432 1663 504 scalpro
1678 433 1760 484 aeri
1776 429 1959 483 incisos

287 505 440 556 Pacis
461 508 515 555 &
531 504 657 557 Belli
680 505 1118 558 fruitusintuenti
1144 506 1348 579 objicit,
1383 525 1507 578 quos
1532 505 1793 577 quondam
1817 508 1961 554 Mar-

288 575 410 626 tiale
425 575 649 628 Timoris
664 576 857 628 ferrum
873 577 934 628 de
949 576 1558 649 hostiumsmetetjugulis3
1582 578 1637 626 &
1650 571 1963 629 efflorescens

286 648 495 700 Amoris
510 647 618 699 olea
632 650 693 700 de
707 645 1026 700 subditorum
1050 649 1185 720 leget
1207 649 1442 700 cordibus
1457 686 1470 707 ‚
1494 644 1766 718 utrobique
1788 650 1843 697 δέ
1863 647 1960 697 Re-

283 735 349 788 ge
362 750 376 774 ³
399 718 453 769 8<
468 719 590 771 orbe
604 720 801 790 dignos.
873 721 1077 790 Augusta
1090 723 1227 772 enim
1240 723 1334 772 Tua
1348 718 1525 771 indole
1547 758 1560 778 ,
1579 738 1731 790 quam
1746 716 1964 769 nonnisi

283 791 538 859 optimam
554 789 615 845 ab
631 793 835 862 optimo
847 789 1097 842 Caelarum
1113 787 1299 844 Caesare
1315 793 1526 844 Parente
1538 792 1737 842 haurire
1749 808 1966 860 poteras,

286 862 341 910 &
365 861 683 914 Sereniffimo
709 864 966 914 virtutum
993 865 1270 934 Regiarum
1297 860 1585 936 splendore,
1619 860 1800 933 quibus
1821 861 1896 911 Te
1923 862 1963 911 i-

284 926 430 1002 psum
446 953 593 986 antea
605 970 619 990 ,
646 933 798 1005 quam
813 934 999 986 electus
1014 954 1135 994 eras,
1162 937 1217 986 in
1233 937 1591 988 Romanorum
1605 936 1798 1004 Regem
1810 930 1963 1004 elegi-

286 1004 343 1054 sti
364 1043 378 1064 ,
405 1007 660 1077 Reginam
677 1005 896 1058 universi
914 1005 1165 1058 Naturam
1179 1009 1234 1058 in
1245 1008 1489 1058 Laureata
1510 1001 1747 1077 obsequia
1765 1024 1859 1055 Tua
1885 1024 1966 1077 pe-

285 1077 424 1127 nitus
436 1077 702 1149 captivasti
717 1116 729 1136 ,
754 1094 811 1128 ut
834 1096 952 1128 cum
968 1078 1233 1129 elementis
1248 1116 1261 1136 ‚
1285 1081 1339 1128 δέ
1354 1077 1552 1129 cun<ffis
1569 1093 1737 1135 terrae,
1759 1074 1963 1149 marisc'p

284 1146 463 1220 opibus
480 1151 613 1200 tanti
630 1150 879 1220 Principis
893 1149 1128 1201 ancillari
1153 1149 1396 1201 felicitati
1423 1151 1614 1220 regiam
1635 1144 1774 1199 suam
1798 1150 1963 1200 existi-

283 1235 394 1271 met
409 1218 729 1272 felicitatem.
803 1223 957 1272 Suum
971 1219 1094 1272 Tibe·
1109 1221 1196 1272 illa
1209 1219 1690 1295 imperiumstnefine
1701 1220 1837 1271 cedit
1851 1258 1865 1278 ‚
1907 1235 1966 1271 ut

284 1291 339 1343 in
359 1309 412 1344 Te
427 1293 679 1362 augustius
695 1309 874 1362 regnet
894 1330 907 1351 ,
931 1295 985 1343 &
1002 1331 1016 1351 ,
1039 1294 1162 1345 dum
1177 1294 1232 1343 in
1245 1289 1289 1344 se
1303 1296 1458 1363 major
1470 1292 1577 1342 fieri
1594 1292 1799 1363 nequit,
1823 1289 1964 1367 inJo-

267 1361 416 1436 fipho
427 1363 661 1436 crescente
680 1359 727 1415 se
749 1361 907 1434 ipsam
931 1365 1294 1434 magnitudine
1315 1360 1527 1435 superet.
1600 1364 1759 1414 Cedit
1779 1363 1968 1414 Roma-

285 1454 362 1486 nae
380 1435 563 1507 Aquilae
579 1437 724 1504 Jovis
736 1435 960 1488 fulmina
974 1473 987 1494 ,
1013 1435 1194 1506 quibus
1211 1455 1297 1508 par
1310 1436 1428 1504 Jovi
1443 1432 1662 1486 confuso
1684 1447 1803 1486 cum
1816 1451 1965 1505 gran-

278 1507 400 1558 dine
412 1507 725 1559 Othomanae
736 1507 1170 1578 gigantomachiae
1185 1508 1432 1566 domitor,
1456 1502 1752 1576 insurgente
1768 1505 1969 1575 Scythi-

281 1597 393 1630 cam
409 1580 743 1650 prosterneres
757 1580 916 1631 aciem
930 1616 944 1637 ,
968 1575 1171 1651 lateque
1184 1597 1271 1651 per
1283 1578 1570 1648 Byzantina
1593 1579 1786 1628 moenia
1801 1573 1966 1648 sparso

283 1651 529 1701 incendio
545 1688 558 1708 ‚
579 1669 689 1701 non
705 1666 852 1702 antea
868 1650 1074 1703 victrici
1084 1647 1286 1721 grassari
1301 1649 1506 1701 flamma
1517 1647 1778 1709 desisteres,
1794 1650 1962 1700 donec

283 1720 550 1772 barbarum
564 1720 694 1773 orbis
709 1721 893 1772 fastum
906 1722 1082 1793 exigua
1096 1722 1223 1774 urna
1236 1724 1362 1774 cinis
1376 1736 1548 1772 teneat
1563 1717 1834 1791 sepultum.
1869 1722 1961 1772 Ce-

283 1794 362 1844 dit
388 1795 641 1844 Austriacis
663 1792 855 1844 Alaudis
875 1793 1104 1845 Boreales
1119 1794 1254 1845 AEoli
1280 1791 1532 1851 turbines,
1559 1809 1616 1844 ut
1637 1796 1692 1845 &
1715 1795 1963 1859 conjurati

284 1865 505 1915 veniant
530 1861 600 1914 ad
620 1861 801 1935 clafficae
825 1866 999 1921 venti,
1025 1867 1081 1915 δε
1105 1883 1197 1916 ceu
1215 1864 1392 1916 valido
1418 1865 1644 1915 excitato
1670 1881 1802 1932 terre
1817 1880 1966 1916 motu

286 1955 442 1987 omne
465 1934 649 1987 hostile
671 1934 836 1987 solum
859 1933 887 1985 a
910 1935 1042 1986 facie
1063 1954 1158 1987 Tua
1173 1931 1555 1990 contremiscat.
1631 1936 1970 2005 Neptunum..

285 2025 491 2078 quoque
512 2025 634 2059 cum
660 2005 882 2059 coerulea
898 2007 1165 2058 Tritonum
1191 2005 1339 2059 turba
1361 2007 1669 2058 decumanos
1690 2006 1968 2058 flustusim

284 2078 571 2130 Thracicam
588 2096 780 2129 armare
794 2074 992 2129 classem
997 2076 1140 2148 jubet
1160 2116 1174 2138 ‚
1224 2095 1283 2129 ut
1295 2077 1625 2149 Tibirimparet
1644 2077 1839 2130 fretum
1863 2117 1875 2137 ,
1914 2082 1969 2129 δέ

286 2148 397 2222 plus
420 2149 553 2201 ultra
575 2146 853 2202 Herculeos
877 2145 1090 2201 colossos
1107 2149 1141 2200 d
1161 2151 1297 2201 mari
1324 2150 1427 2224 mgj
1437 2147 1508 2200 ad
1517 2168 1657 2201 mare
1671 2150 1965 2202 domineris.

288 2222 431 2289 Qid
442 2218 633 2277 Tellus?
654 2220 903 2273 latentem
918 2219 1004 2272 illa
1030 2221 1358 2274 mineraliurn
1371 2215 1662 2273 thesaurum
1675 2221 1732 2272 in
1742 2224 1968 2293 regium,

285 2290 511 2363 veffi’tigal
527 2290 774 2365 copiosius
785 2309 925 2344 eruet
937 2313 949 2355 3
989 2311 1048 2345 aes
1060 2295 1113 2344 &
1124 2291 1318 2345 ferrum
1331 2295 1394 2345 ad
1406 2292 1626 2344 laureata
1650 2293 1882 2345 cudenda
1896 2313 1970 2344 ar-

288 2383 372 2416 ma
395 2364 755 2417 Vulcanifoco
771 2360 998 2438 subjiciet
1022 2402 1036 2424 ‚
1062 2381 1339 2437 argentum
1371 2366 1426 2416 δε
1448 2383 1628 2416 aurum
1642 2365 1699 2415 in
1719 2362 1842 2416 belli
1858 2384 1971 2417 ner-

285 2439 414 2504 vum
425 2437 608 2497 divite,
630 2439 685 2488 &
699 2437 1030 2490 indeficiente
1041 2455 1172 2489 vena
1185 2434 1419 2489 affundet
1433 2473 1447 2496 ,
1468 2452 1527 2488 ut
1540 2434 1677 2488 nihil
1688 2434 1795 2489 >Tibi
1807 2438 1870 2488 ad
1883 2436 1969 2488 tri-

291 2507 696 2578 umphumdesit‚
722 2506 816 2560 nifi
833 2547 847 2568 ,
868 2507 986 2562 cum
999 2507 1125 2561 Solis
1139 2511 1293 2562 instar
1307 2504 1540 2560 universa
1552 2507 1786 2560 victoriis
1797 2507 1963 2561 &No-

291 2580 447 2631 minis
459 2578 1068 2653 majestateillustraveriS,
1094 2580 1310 2634 ulterior
1321 2580 1567 2633 vincendi
1589 2581 1814 2647 materia,
1883 2577 1962 2630 Ita

289 2650 543 2704 elementa
556 2651 752 2723 singula
766 2689 779 2710 ‚
805 2671 914 2724 quae
927 2653 1169 2725 perpetua
1181 2653 1270 2706 fibi
1292 2647 1625 2705 adversantur
1646 2650 1815 2726 pugna*
1825 2684 1841 2708 ‚
1875 2649 1963 2702 ina‘

290 2741 440 2774 Tuam
451 2725 600 2775 unius
614 2726 1024 2796 promovendam
1047 2724 1354 2777 felicitatem
1379 2721 1738 2784 consentient,
1759 2723 1814 2772 &
1833 2735 1960 2775 con-'

291 2809 371 2845 tra
385 2811 620 2847 naturam
634 2834 648 2856 ,
671 2797 795 2849 dum
813 2815 867 2851 Te
880 2793 1025 2869 supra
1039 2814 1276 2850 naturam
1287 2798 1486 2849 virtute
1499 2798 1781 2870 Principem
1796 2792 1959 2846 admi-

290 2882 498 2924 rantur,
523 2868 585 2918 ad
608 2867 871 2920 barbaram
895 2870 1206 2941 perdendam
1229 2868 1496 2939 perfidiam
1522 2870 1728 2923 inibunt
1746 2883 1955 2917 concor-

288 2937 444 2992 diam.
514 2940 593 2990 Sic
606 2938 746 2991 enim
761 2939 990 2993 amabilis
1000 2961 1095 2998 Tua
1111 2943 1336 3014 Majestas
1353 2945 1456 3014 jam
1467 2945 1625 2996 modo
1638 2976 1652 2998 ‚
1673 2932 1841 2989 nescio
1853 2956 1952 3010 quo

288 3009 502 3062 occulto
517 3011 719 3081 imperii
734 3012 898 3067 illicio
913 3014 1127 3067 cunctos
1139 3015 1203 3067 ad
1214 3009 1452 3089 obsequia
1461 3016 1623 3087 cogit,
1640 3025 1697 3062 ut
1710 3006 1950 3062 famulan-

1631 3121 1870 3183 ,χχ
1889 3081 2007 3172 d}

753 3162 773 3183 ο

669 3214 729 3276 0
779 3245 807 3273 .
