2060 3444
310 151 370 193 12
939 128 1314 204 Meteorologia

312 224 430 259 Tettio
441 226 555 259 omnia
566 223 648 271 pene
659 233 795 268 corpora
810 223 907 255 etiam
919 220 1085 255 duriffima
1096 222 1167 269 igni
1178 218 1312 253 admota
1322 218 1536 255 resolvuntur
1557 229 1596 252 ex
1615 214 1705 263 parte
1726 216 1837 252 saltem
1848 219 1883 252 in
1893 219 1998 264 νεκροὶ

309 286 372 312 res,
402 275 493 321 quod
504 287 543 308 ex
557 286 596 308 eo
607 272 876 318 deprehenditur,
902 281 939 305 ut
959 269 1168 304 observatum
1179 268 1224 302 est
1240 267 1359 315 inipso
1372 281 1465 307 auro,
1483 268 1637 316 quamvis
1647 270 1869 301 communiter
1881 265 1998 313 appel·

309 322 396 358 letur
406 321 670 370 incorruptibile.
723 319 774 355 Ab
785 321 938 354 humanis
950 319 1028 353 veto
1039 317 1231 365 corporibus
1242 328 1302 363 pro
1313 318 1510 353 valetudinis
1527 317 1765 351 constitutione
1777 328 1866 350 nunc
1881 314 1971 349 sanas
1981 336 1993 353 ,

310 385 399 407 nune
409 384 508 419 agras
519 372 625 405 emitti
635 368 862 404 exhalationes
877 368 1051 414 plusquam
1065 379 1191 403 certum
1200 367 1255 400 est.
1309 369 1484 413 AEgrorum
1497 369 1585 401 enim
1599 364 1730 398 effluvia
1741 375 1919 413 propagata
1934 375 1991 410 per

308 421 433 455 halitus
443 422 598 466 contagio
612 418 684 453 satis
696 416 896 453 manifestat.
945 418 997 451 De
1012 419 1097 451 sanis
1111 416 1189 451 vero
1200 415 1334 449 testatur
1349 415 1570 453 Verulamius‚
1585 415 1663 448 dum
1675 413 1811 459 quaesito
1823 438 1833 454 ,
1858 426 1914 448 cut
1925 416 1992 450 ΡΞ-

309 471 428 517 dagogi
439 469 634 516 plerumque
645 468 730 502 seros
740 476 916 501 numerent
925 477 1042 504 annos,
1068 465 1256 513 respondet,
1281 463 1357 498 ideo
1369 466 1425 499 diu
1438 464 1542 502 sanos,
1569 462 1770 510 vegetosque
1786 465 1988 509 vivere,quia

307 522 420 554 contin
427 530 469 552 uo
478 530 551 551 cum
561 516 736 563 juvenibus
747 517 916 550 consortio
925 526 1113 549 emanantes
1127 514 1167 548 ab
1178 515 1229 547 his
1241 511 1375 560 spiritus
1387 514 1492 561 magis
1504 514 1608 550 sanos,
1635 510 1817 557 vitalesque
1838 513 1986 549 trahunt.

306 569 538 613 Manetigitur
558 579 686 605 verum,
714 570 820 599 aerem
830 567 929 598 etiam
940 576 1115 610 corporum
1127 566 1310 598 mixtorum
1326 561 1590 597 exhalationibus
1615 584 1625 600 ‚
1650 560 1672 594 fi
1699 559 1897 606 corpusculis
1915 561 1985 594 istis

305 619 451 650 minimis
467 628 524 650 ceu
537 618 655 650 atomis
672 613 804 653 scatere,
829 625 899 648 uno
912 614 1047 661 quidem
1061 612 1136 647 loco
1150 614 1224 648 unis
1238 634 1248 651 ,
1271 610 1339 645 alio
1357 611 1428 647 aliis
1443 624 1505 659 pro
1520 622 1629 645 rerum
1648 608 1847 648 diversitate,
1873 608 1892 642 ὲ
1908 611 1980 657 qui-

303 665 364 701 bus
377 666 542 699 oriuntur.

399 712 582 750 Conclusio
599 713 747 748 secunda.
799 713 897 747 Die'ta
915 712 980 747 haec
992 710 1180 758 corpuscula
1194 710 1375 746 differentis
1387 712 1474 745 inter
1486 707 1517 742 se
1528 705 1749 744 suntnaturae,
1782 709 1883 743 Ratio
1895 715 1984 741 exeo

303 762 478 797 deducitur
502 786 512 801 ‚
537 761 627 809 quod
643 763 799 810 pleraque
811 761 968 796 essentiali
984 759 1094 795 forma
1106 772 1174 793 non
1185 759 1340 796 differant
1352 759 1474 795 arebus
1499 780 1509 795 ,
1534 769 1673 803 quarum
1686 754 1759 790 sunt
1778 755 1982 803 corpuscula,

303 823 372 845 non
383 811 470 846 secus
480 823 515 845 ac
530 824 664 858 vapores
677 823 776 858 atque
784 810 1010 846 exhalationes
1027 821 1137 844 tetreae
1150 812 1185 843 &
1200 818 1313 857 aqueae
1325 822 1392 844 non
1403 806 1557 842 differant
1568 805 1588 839 ὲ
1605 817 1689 840 terra
1707 808 1740 839 &
1760 817 1857 852 aqua,
1908 806 1981 839 Nec

301 856 414 899 refert,
445 860 534 908 quod
545 863 580 894 in
594 864 667 895 aere
680 863 766 894 inter
776 859 805 894 se
814 858 1071 906 permisceantur
1084 869 1094 902 3
1122 858 1234 892 mistio
1246 861 1334 894 enim
1343 871 1413 894 non
1427 856 1506 891 facit
1520 853 1658 900 (saltem
1679 867 1746 888 non
1757 853 1916 901 semper)
1943 865 1981 889 ut

302 912 470 956 propriam
486 920 636 944 naturam
645 918 788 956 exuant3
816 908 895 943 ficut
906 908 1017 942 mistio
1033 915 1257 942 ramentorum
1270 912 1355 956 auri,
1380 906 1520 955 argenti,
1545 901 1636 943 ferti,
1663 915 1731 938 non
1750 915 1981 956 mutateorum

303 968 479 1006 naturam3
504 960 606 993 necin
622 958 689 993 istis
699 957 929 992 distillatarum
941 957 957 990 ὲ
973 957 1064 995 rosis,
1087 959 1220 997 cicoria‚
1243 957 1332 997 faece,
1342 961 1409 993 vini
1425 967 1461 990 ac
1478 951 1639 988 similibus
1654 952 1766 991 rebus,
1792 952 1893 987 efficit
1905 977 1914 991 ‚
1941 963 1979 987 ut

300 1009 336 1041 in
346 1008 376 1042 se
391 1009 533 1042 invicem
546 1019 730 1053 mutentur,
744 1012 777 1042 ὃς
788 1018 902 1041 omnes
913 1018 1012 1040 unam
1024 1007 1162 1040 induant
1172 1017 1334 1045 naturam.
1384 1008 1431 1040 Ex
1444 1016 1515 1052 quo
1526 999 1670 1036 infertur
1683 1029 1694 1047 ‚
1719 1003 1752 1035 in
1765 1005 1837 1036 ae're
1847 1015 1913 1036 non
1926 1001 1980 1036 so..

301 1055 372 1091 lum
385 1057 446 1091 esse
459 1056 741 1091 effluvia‘humida
759 1060 792 1091 δε
803 1056 893 1094 sicca,
920 1067 1053 1101 vapores
1065 1054 1189 1090 scilicet
1201 1058 1235 1090 δέ
1247 1055 1483 1094 exhalationes,
1507 1063 1578 1100 quae
1590 1049 1652 1084 sint
1663 1061 1745 1098 aqua
1755 1055 1881 1086 &terra
1896 1074 1905 1089 ,
1922 1050 1980 1085 sed

302 1116 353 1140 tot
363 1106 424 1140 elle
434 1105 569 1140 illorum
589 1106 707 1152 species
718 1104 812 1140 simul
823 1106 999 1151 permixtas
1013 1116 1065 1151 atq
1073 1118 1112 1138 ue
1121 1103 1274 1140 confusas
1284 1129 1293 1146 ,
1320 1115 1402 1152 quot
1413 1104 1486 1138 sunt
1499 1102 1619 1149 species
1631 1112 1740 1134 rerum
1754 1124 1764 1139 ,
1787 1099 1934 1147 equibus
1944 1101 1979 1134 vi

300 1154 430 1193 caloris,
456 1166 512 1189 aut
523 1157 619 1201 ignis,
644 1165 700 1189 aut
709 1154 770 1188 alia
781 1153 875 1188 simili
885 1154 1013 1188 actione
1025 1154 1235 1188 resolvuntur
1297 1155 1386 1188 Hinc
1397 1154 1619 1190 communiter
1630 1150 1749 1184 dicitur
1759 1149 1776 1184 ὲ
1791 1148 1978 1189 sensatiori÷

300 1202 596 1250 busPhilosophis,
615 1207 723 1238 a'e'rem
736 1202 896 1250 repletum
918 1202 1043 1250 semper
1055 1202 1116 1237 effe
1134 1200 1334 1248 ‘Panspermia
1360 1226 1371 1241 ,
1398 1204 1450 1237 seu
1464 1198 1745 1235 seminalivirtute
1757 1209 1879 1233 rerum.

395 1252 541 1299 Colliges
553 1254 629 1286 binc
639 1254 758 1299 primo.
809 1255 1013 1298 Qarumvis
1026 1252 1275 1287 rerumesfluvia
1285 1253 1338 1286 seu
1349 1249 1537 1298 corpuscula
1564 1272 1574 1288 ,
1599 1261 1671 1295 quae
1688 1250 1705 1281 e
1724 1247 1820 1283 rebus
1841 1258 1980 1294 proma-

300 1312 392 1340 nant,
407 1305 482 1337 &in
497 1303 605 1336 aslum
619 1303 764 1340 evolant,
782 1301 843 1335 effe
855 1305 1079 1335 Meteororum
1091 1303 1258 1336 materiam
1269 1303 1469 1348 proximam,
1495 1299 1640 1333 utienim
1652 1309 1744 1342 aquae
1756 1302 1790 1333 ὅτ
1803 1309 1905 1336 terrae,
1931 1296 1978 1331 ita.

300 1353 484 1398 &quarum
500 1351 636 1385 aliatum
644 1363 755 1387 retum
768 1350 904 1385 effluvia
915 1353 949 1384 in
961 1349 1080 1389 nubes,
1105 1352 1139 1384 in
1150 1349 1279 1398 pluvias
1291 1372 1302 1390 ,
1328 1352 1363 1385 in
1373 1349 1536 1388 fulmina,
1562 1351 1597 1382 δε
1616 1349 1651 1381 in
1660 1346 1721 1380 alia
1731 1350 1880 1383 Meteora
1891 1357 1975 1388 cong

299 1400 435 1438 flantur.

400 1450 545 1498 Colliges
557 1462 666 1484 tamen
679 1449 832 1489 secundo,
858 1461 917 1483 nos
932 1460 986 1495 pet
997 1443 1059 1482 hoc
1073 1460 1140 1482 non
1150 1447 1300 1482 recedere
1310 1447 1327 1482 Ξι
1338 1446 1496 1483 sententia
1509 1441 1693 1482 Aristotelis
1707 1443 1973 1486 statuentis‚duas

299 1498 429 1532 tantum
441 1512 635 1534 communes
646 1499 762 1544 species
773 1499 1034 1544 exspirationum
1048 1509 1201 1543 vaporem
1214 1509 1332 1544 nempe
1342 1502 1375 1534 &
1388 1496 1590 1532 exlationem
1600 1521 1610 1536 ‚
1638 1499 1714 1544 quia
1729 1496 1840 1531 revera
1850 1498 1889 1530 ad
1903 1496 1972 1530 haee

297 1548 365 1581 duo
375 1547 585 1582 effluviorum
600 1548 724 1581 summa
737 1559 857 1595 gen-eta
870 1546 1018 1593 respectu
1036 1547 1247 1584 inferiorum,
1272 1549 1383 1581 omnia
1392 1547 1518 1594 reliqua
1526 1543 1660 1581 effluvia
1671 1547 1814 1580 revocari
1827 1544 1974 1592 possunt,

298 1597 467 1643 quidquid
486 1600 575 1630 enim
586 1599 619 1630 in
630 1596 733 1629 altum
745 1597 903 1634 ascendit,
930 1608 986 1629 aur
1000 1597 1173 1629 humidum
1186 1594 1237 1630 seu
1248 1606 1392 1642 aqueum
1404 1596 1462 1635 est,
1486 1606 1542 1629 aut
1556 1593 1672 1629 siceum
1685 1595 1737 1630 seu
1748 1593 1949 1640 spiritosum.

391 1645 573 1680 Conclusio
591 1647 699 1680 tertia.
749 1645 1004 1678 Exhalationum
1024 1644 1140 1680 harum
1161 1656 1229 1678 non
1252 1657 1318 1678 una
1335 1644 1514 1691 eadessmque
1531 1647 1713 1691 proprietas
1727 1644 1796 1690 est;
1821 1644 1972 1692 quaedam

295 1695 385 1728 enim
401 1693 610 1729 transversim
623 1697 886 1741 circumquaque
899 1693 1145 1733 distenduntur,
1173 1694 1328 1728 utvidere
1343 1694 1389 1728 est
1401 1693 1643 1728 exhalationem
1655 1693 1762 1728 thuris
1772 1717 1781 1732 ‚
1806 1692 1972 1732 videlicet,

295 1742 370 1776 curn
383 1743 517 1777 efflui-ia
531 1743 677 1778 ctaffiora
689 1742 760 1781 sint,
772 1743 862 1790 quali
873 1742 1125 1790 aequilibrantur
1137 1741 1177 1775 ab
1189 1752 1270 1778 aere.
1326 1743 1508 1778 Nonnullae
1522 1744 1782 1777 determinantur
1793 1743 1970 1790 quandoq,-

294 1791 333 1825 ad
348 1803 445 1825 unam
458 1795 558 1832 viam,
583 1793 634 1825 vel
649 1805 688 1825 ex
698 1803 790 1826 motu
800 1795 898 1835 aeris,
923 1790 973 1825 vel
984 1790 1083 1837 ipsius
1094 1795 1245 1838 corporis
1256 1791 1450 1829 exhalantis.
1500 1794 1589 1827 Hinc
1606 1795 1691 1827 ratio
1710 1791 1859 1826 redditur
1872 1817 1884 1838 ‚
1910 1803 1968 1826 cur

294 1843 382 1875 canis
399 1843 433 1874 in
445 1840 535 1875 bivio
545 1840 742 1875 constitutus
757 1842 843 1874 viam
857 1838 1040 1883 dignoscar,
1067 1853 1122 1886 per
1134 1852 1234 1887 quam
1245 1841 1341 1874 herus
1356 1844 1520 1886 perrexitg,
1547 1840 1705 1875 nimirum
1720 1839 1884 1874 exhalatio
1894 1839 1972 1874 reli·

292 1890 346 1923 &a
359 1888 399 1922 ab
410 1890 478 1924 heri
490 1902 638 1936 corpore.
664 1893 697 1924 &
710 1901 764 1927 uer
775 1890 914 1924 transtum
926 1891 983 1923 viae
995 1892 1194 1923 continuatae
1205 1890 1365 1923 indicium
1379 1890 1507 1934 praebet.
1560 1889 1638 1924 Aliae
1647 1888 1871 1924 exhalationes
1882 1888 1970 1928 sunt,

292 1951 364 1984 qua:
379 1938 573 1985 corporibus
583 1941 745 1972 extraneis
755 1939 989 1985 ipsocontatstu
1003 1937 1238 1976 adhaerescunt,
1252 1937 1292 1971 sic
1304 1941 1363 1983 qui
1375 1942 1459 1972 inter
1472 1939 1592 1973 odores
1604 1940 1660 1972 diu
1672 1937 1788 1973 versati
1799 1937 1970 1976 (nundum

291 1987 427 2026 abeunt,
456 1985 563 2022 secum
573 1989 740 2033 asportant
754 1985 940 2021 odoriferos
950 1988 1114 2033 quosdam
1130 1987 1261 2022 halitus.
1311 1987 1487 2022 Nonnulla
1496 1987 1631 2022 effluvia
1641 2000 1714 2022 cum
1727 1989 1823 2022 certis
1836 1987 1906 2022 aliis
1918 1986 1969 2021 fa-

291 2036 352 2069 cile
363 2036 629 2077 commiscentur,
656 2040 688 2070 &
697 2034 850 2080 subeunt,
866 2034 1116 2083 pervaduntque
1126 2046 1232 2069 toturn
1244 2036 1384 2069 tractum
1397 2035 1530 2071 alterius
1541 2034 1681 2074 effluvin
1698 2035 1786 2070 secus
1798 2035 1877 2070 vero
1889 2049 1965 2072 cum

292 2085 490 2132 quibusdam
504 2085 586 2119 aliis.
638 2085 835 2131 Exemplum
851 2083 1185 2130 exhibentliquore33
1212 2095 1297 2131 aqua
1313 2085 1402 2117 enim
1422 2083 1516 2119 facile
1526 2084 1677 2119 miscetur
1693 2097 1768 2119 cum
1783 2088 1874 2122 vino,
1896 2096 1969 2120 non

291 2136 369 2167 item
384 2146 458 2168 curn
474 2135 563 2172 oleo,
591 2133 691 2179 idque
704 2147 773 2168 non
785 2133 889 2168 solum
903 2145 942 2167 ex
955 2134 1130 2178 gravitate,
1156 2131 1211 2167 sed
1225 2146 1265 2167 ex
1277 2132 1492 2176 dispositione
1513 2133 1577 2180 ipsa
1593 2133 1825 2178 particularum
1853 2158 1862 2172 ,
1890 2147 1968 2169 nam

291 2194 391 2230 aqua,
419 2195 490 2228 quae
500 2180 596 2216 facile
609 2181 671 2216 sese
684 2182 838 2220 insinuat,
865 2192 921 2230 per
934 2180 1052 2215 tubum
1066 2181 1198 2226 plenum
1208 2185 1315 2219 vino;
1342 2193 1409 2215 non
1420 2181 1545 2217 subitin
1560 2181 1678 2217 tubum
1694 2182 1769 2216 oleo
1779 2183 1927 2229 plenum.

388 2232 435 2264 Ex
445 2231 494 2265 his
504 2232 677 2266 deducitur
690 2232 810 2276 primo,
837 2233 870 2266 in
884 2232 968 2265 hanc
981 2233 1177 2264 mixtionem
1190 2231 1367 2276 spirituum
1389 2229 1484 2266 facile
1497 2230 1613 2266 referti
1629 2234 1708 2266 ut'in
1722 2231 1864 2270 causam,
1890 2232 1968 2266 effe-

291 2280 362 2314 Ctus
375 2279 561 2314 nonnullos
575 2279 753 2320 mirabiles,
783 2280 930 2328 itrss‘mque
939 2283 1116 2318 naturales,
1143 2291 1182 2313 ex
1199 2279 1320 2328 quibus
1330 2282 1439 2325 primo
1448 2281 1580 2329 aspediu
1591 2281 1756 2316 videretur
1769 2282 1856 2317 aelio
1873 2283 1907 2316 in
1918 2283 1972 2316 di..

292 2329 379 2363 stans
388 2328 590 2365 confirmari.

401 2374 585 2412 Deducitur
597 2375 753 2414 secundo.
808 2377 1131 2412 Medicamentorum
1143 2379 1238 2418 vites,
1252 2378 1514 2425 qussirritatione
1528 2390 1646 2425 corpus
1657 2377 1849 2414 sensitivum
1862 2377 1968 2413 affici.

289 2439 352 2461 unt
364 2439 420 2473 per
432 2427 549 2461 idonea
561 2426 792 2472 particularum
806 2431 838 2461 &
850 2426 1052 2473 qualitatum
1063 2426 1199 2461 effluvia
1212 2427 1287 2464 satis
1302 2428 1471 2474 explicari,
1499 2429 1680 2462 nectuntur
1691 2429 1780 2462 enim
1801 2428 1967 2474 particulae

288 2477 524 2512 medicamenti
535 2487 608 2510 cum
624 2474 791 2522 particuIIs
807 2475 897 2510 illius
907 2477 1065 2523 corporis,
1090 2476 1167 2510 inde
1177 2487 1289 2512 motus
1306 2477 1423 2514 diversi
1437 2478 1701 2514 determinantur
1715 2500 1726 2516 ‚
1750 2476 1965 2513 effervescen-

286 2532 352 2565 tiae,
380 2524 654 2559 fermentationes
665 2529 727 2560 &c.
1290 2569 1294 2571 ‚
1796 2570 1799 2571 γ

382 2574 565 2608 Deducitur
575 2573 685 2610 tertio.
718 2571 795 2608 Solo
806 2574 1125 2609 Medicamentotum
1139 2574 1240 2609 odore
1248 2574 1301 2611 vel
1312 2572 1400 2611 taeta
1410 2583 1548 2622 corpora
1558 2574 1762 2623 quandoque
1769 2572 1852 2610 affici
1863 2575 1963 2609 noxia

287 2622 340 2658 vel
353 2622 498 2670 proficua
509 2625 769 2667 immutatione3
796 2635 913 2669 nempe
921 2622 1046 2657 effluvii
1057 2624 1186 2657 odorati
1201 2624 1402 2670 particulain
1418 2636 1535 2660 nervos
1555 2626 1751 2663 incurrunt,
1775 2628 1880 2669 &ope
1890 2624 1962 2670 Spi-

287 2676 410 2706 rituum
421 2671 615 2706 motusillos
626 2672 861 2711 determinant,
879 2684 962 2718 quos
972 2672 1164 2706 inducerent
1174 2673 1412 2709 Medicamenta
1423 2674 1512 2721 ipsa,
1533 2671 1555 2707 fi
1567 2672 1616 2707 vel
1626 2674 1764 2720 aplicata
1778 2668 1829 2707 vel
1837 2671 1961 2707 assum-

285 2728 339 2768 p'ta
350 2733 416 2755 non
428 2722 529 2755 modo
547 2719 668 2755 olfacta
689 2717 844 2765 fuissentg
871 2723 1022 2767 quamvis
1033 2733 1121 2754 enim
1139 2724 1275 2756 minima
1295 2721 1370 2761 sint,
1385 2721 1634 2761 &subtiliflima
1648 2724 1752 2758 odora
1768 2720 1961 2767 corpuscula.

283 2768 450 2803 effluentia
464 2794 473 2810 ,
495 2770 572 2804 curn
594 2768 846 2804 innumerabilia
860 2779 969 2804 tamen
987 2769 1068 2808 sint,
1092 2769 1228 2805 effestus
1246 2770 1409 2808 sensibiles
1420 2762 1539 2808 *eadem
1551 2774 1680 2808 ratione
1697 2780 1867 2820 procurare
1884 2767 1962 2818 pos-

281 2819 356 2852 sunt
368 2841 378 2857 ,
404 2831 467 2865 qua
481 2818 589 2854 valent
599 2818 811 2853 minutiffima
821 2817 951 2852 elatetia
962 2819 1106 2865 pulveris
1117 2821 1194 2854 nitri
1206 2844 1217 2861 ‚
1236 2824 1271 2855 ὃ(
1282 2821 1435 2856 similium
1447 2824 1643 2858 mixtorum.
1773 2863 1776 2865 ,

380 2867 562 2902 Deducitur
576 2870 719 2911 Quarto.
740 2869 831 2910 Quas
843 2869 876 2900 in
888 2871 1039 2914 gemmis,
1048 2871 1081 2902 &
1092 2867 1250 2903 foslilibus
1261 2870 1360 2905 inesse
1370 2871 1496 2906 constat
1506 2870 1680 2917 qualitates
1692 2867 1834 2904 occultas
1844 2873 1878 2905 &
1889 2868 1962 2917 spe-

283 2914 402 2954 cificas,
423 2928 477 2962 per
493 2917 688 2964 Analogiam
703 2918 866 2963 magnetis
884 2920 919 2950 &
931 2915 1042 2951 eleiiri
1063 2920 1096 2951 in
1109 2913 1250 2953 effluviis
1266 2919 1440 2955 consistere
1451 2921 1524 2954 satis
1539 2917 1710 2955 commode
1733 2923 1961 2967 proponitur3

280 2976 340 3000 nec
349 2963 451 2998 refert
460 2977 630 3011 opponere
638 2965 1063 3012 periculumDiminutionis
1072 2978 1274 3014 gemmarum
1288 2972 1321 3003 ὃ(
1334 2968 1489 3004 similium
1503 2968 1546 3003 ob
1563 2970 1720 3003 continua
1743 2966 1886 3008 effluvia,
1905 2970 1959 3003 far

278 3013 339 3048 cile
349 3015 437 3048 enim
450 3012 646 3060 intelligitur
658 3013 877 3049 insensibilem
892 3014 1078 3058 hujusmodi
1102 3014 1247 3050 futuram
1257 3017 1515 3053 diminutionem
1528 3021 1624 3052 etiam
1638 3014 1816 3050 diutiffimo
1828 3029 1958 3064 tempo-

279 3075 332 3103 re,
361 3073 397 3096 ut
406 3062 516 3109 aperte
533 3063 837 3108 deprehenditurin
851 3063 1069 3102 Ch‘vrothecis
1079 3065 1238 3113 odoratis,
1265 3079 1336 3113 quae
1347 3067 1421 3101 licet
1434 3070 1558 3102 diutius
1568 3064 1958 3106 exhalaverintodorem,

277 3123 338 3147 nec
347 3113 492 3159 pondere
504 3122 624 3150 tamen,
653 3124 710 3146 nec
720 3114 806 3147 mole
817 3111 1009 3147 sensibiliter
1021 3111 1222 3152 decrescunt.
1273 3118 1487 3164 Quamquam
1505 3112 1651 3164 processu
1674 3117 1830 3162 temporis
1842 3120 1956 3150 omnia

1841 3163 1954 3210 huj'us·
