<?xml version="1.0" encoding="UTF-8"?>
<!DOCTYPE html PUBLIC "-//W3C//DTD XHTML 1.0 Transitional//EN"
    "http://www.w3.org/TR/xhtml1/DTD/xhtml1-transitional.dtd">
<html xmlns="http://www.w3.org/1999/xhtml" xml:lang="en" lang="en">
 <head>
  <title>
</title>
<meta http-equiv="Content-Type" content="text/html;charset=utf-8" />
  <meta name='ocr-system' content='tesseract 3.04.00' />
  <meta name='ocr-capabilities' content='ocr_page ocr_carea ocr_par ocr_line ocrx_word'/>
</head>
<body>
  <div class='ocr_page' id='page_1' title='image "./philosphicopolit00rein_0142.png"; bbox 0 0 2060 3444; ppageno 0'>
   <div class='ocr_carea' id='block_1_1' title="bbox 260 150 1300 225">
    <p class='ocr_par' dir='ltr' id='par_1_1' title="bbox 260 150 1300 225">
     <span class='ocr_line' id='line_1_1' title="bbox 260 150 1300 225; baseline -0.007 -13"><span class='ocrx_word' id='word_1_1' title='bbox 260 167 352 225; x_wconf 72' lang='lat'>130</span> <span class='ocrx_word' id='word_1_2' title='bbox 925 150 1300 224; x_wconf 81' lang='lat' dir='ltr'>Meteorologia</span> 
     </span>
    </p>
   </div>
   <div class='ocr_carea' id='block_1_2' title="bbox 261 235 1969 1175">
    <p class='ocr_par' dir='ltr' id='par_1_2' title="bbox 261 235 1963 632">
     <span class='ocr_line' id='line_1_2' title="bbox 262 235 1962 292; baseline -0.005 -15"><span class='ocrx_word' id='word_1_3' title='bbox 262 250 463 292; x_wconf 66' lang='lat' dir='ltr'>gregantu&#39;r3</span> <span class='ocrx_word' id='word_1_4' title='bbox 489 243 523 277; x_wconf 69' lang='grc' dir='ltr'>’δε</span> <span class='ocrx_word' id='word_1_5' title='bbox 537 239 742 276; x_wconf 78' lang='lat' dir='ltr'>fumositates</span> <span class='ocrx_word' id='word_1_6' title='bbox 752 239 887 288; x_wconf 86' lang='lat' dir='ltr'>quidem</span> <span class='ocrx_word' id='word_1_7' title='bbox 900 242 1002 286; x_wconf 75' lang='lat' dir='ltr'>ignem</span> <span class='ocrx_word' id='word_1_8' title='bbox 1015 265 1025 278; x_wconf 91' lang='lat'>,</span> <span class='ocrx_word' id='word_1_9' title='bbox 1054 251 1169 286; x_wconf 85' lang='lat' dir='ltr'>utpote</span> <span class='ocrx_word' id='word_1_10' title='bbox 1186 238 1469 275; x_wconf 77' lang='lat' dir='ltr'>leviores-evolant</span> <span class='ocrx_word' id='word_1_11' title='bbox 1483 261 1491 277; x_wconf 87' lang='grc'>,</span> <span class='ocrx_word' id='word_1_12' title='bbox 1504 241 1537 274; x_wconf 80' lang='lat'><strong>&amp;</strong></span> <span class='ocrx_word' id='word_1_13' title='bbox 1549 235 1730 273; x_wconf 79' lang='lat' dir='ltr'>ascendunt</span> <span class='ocrx_word' id='word_1_14' title='bbox 1740 240 1838 274; x_wconf 79' lang='lat' dir='ltr'>etiam</span> <span class='ocrx_word' id='word_1_15' title='bbox 1854 242 1962 282; x_wconf 74' lang='lat' dir='ltr'>usque</span> 
     </span>
     <span class='ocr_line' id='line_1_3' title="bbox 261 289 1960 338; baseline -0.006 -12"><span class='ocrx_word' id='word_1_16' title='bbox 261 293 302 325; x_wconf 87' lang='lat' dir='ltr'>ad</span> <span class='ocrx_word' id='word_1_17' title='bbox 323 294 453 326; x_wconf 78' lang='lat' dir='ltr'>tertiam</span> <span class='ocrx_word' id='word_1_18' title='bbox 475 293 645 338; x_wconf 78' lang='lat' dir='ltr'>regionem</span> <span class='ocrx_word' id='word_1_19' title='bbox 660 292 743 324; x_wconf 67' lang='lat' dir='ltr'>aeris</span> <span class='ocrx_word' id='word_1_20' title='bbox 755 314 764 329; x_wconf 94' lang='lat'>‚</span> <span class='ocrx_word' id='word_1_21' title='bbox 798 301 896 337; x_wconf 75' lang='lat' dir='ltr'>atquc</span> <span class='ocrx_word' id='word_1_22' title='bbox 916 290 956 321; x_wconf 85' lang='lat' dir='ltr'>ad</span> <span class='ocrx_word' id='word_1_23' title='bbox 971 290 1135 336; x_wconf 63' lang='lat' dir='ltr'>spheram</span> <span class='ocrx_word' id='word_1_24' title='bbox 1152 291 1261 337; x_wconf 85' lang='lat' dir='ltr'>ignis,</span> <span class='ocrx_word' id='word_1_25' title='bbox 1299 289 1523 324; x_wconf 72' lang='lat' dir='ltr'>exhalationes</span> <span class='ocrx_word' id='word_1_26' title='bbox 1538 300 1648 322; x_wconf 81' lang='lat' dir='ltr'>terreae</span> <span class='ocrx_word' id='word_1_27' title='bbox 1661 315 1673 332; x_wconf 86' lang='lat'>‚</span> <span class='ocrx_word' id='word_1_28' title='bbox 1697 300 1812 335; x_wconf 82' lang='lat' dir='ltr'>utpote</span> <span class='ocrx_word' id='word_1_29' title='bbox 1827 296 1960 336; x_wconf 60' lang='lat' dir='ltr'>gramo-</span> 
     </span>
     <span class='ocr_line' id='line_1_4' title="bbox 263 336 1958 386; baseline -0.004 -11"><span class='ocrx_word' id='word_1_30' title='bbox 263 352 314 376; x_wconf 84' lang='lat' dir='ltr'>res</span> <span class='ocrx_word' id='word_1_31' title='bbox 324 341 526 376; x_wconf 88' lang='lat' dir='ltr'>descendunt</span> <span class='ocrx_word' id='word_1_32' title='bbox 540 339 642 386; x_wconf 84' lang='lat' dir='ltr'>usque</span> <span class='ocrx_word' id='word_1_33' title='bbox 658 340 698 373; x_wconf 88' lang='lat' dir='ltr'>ad</span> <span class='ocrx_word' id='word_1_34' title='bbox 709 339 859 374; x_wconf 81' lang='lat' dir='ltr'>infimam</span> <span class='ocrx_word' id='word_1_35' title='bbox 869 340 1040 385; x_wconf 76' lang='lat' dir='ltr'>regionem</span> <span class='ocrx_word' id='word_1_36' title='bbox 1051 341 1151 379; x_wconf 63' lang='lat' dir='ltr'>aeris,</span> <span class='ocrx_word' id='word_1_37' title='bbox 1179 350 1216 372; x_wconf 86' lang='lat' dir='ltr'>ac</span> <span class='ocrx_word' id='word_1_38' title='bbox 1230 349 1403 374; x_wconf 78' lang='lat' dir='ltr'>remanent</span> <span class='ocrx_word' id='word_1_39' title='bbox 1418 338 1541 372; x_wconf 70' lang='lat' dir='ltr'>inlotis</span> <span class='ocrx_word' id='word_1_40' title='bbox 1553 336 1785 372; x_wconf 68' lang='lat' dir='ltr'>humilioribus</span> <span class='ocrx_word' id='word_1_41' title='bbox 1797 366 1809 386; x_wconf 72' lang='lat'>‚</span> <span class='ocrx_word' id='word_1_42' title='bbox 1835 349 1870 370; x_wconf 85' lang='lat' dir='ltr'>ac</span> <span class='ocrx_word' id='word_1_43' title='bbox 1890 346 1958 368; x_wconf 79' lang='lat' dir='ltr'>tet·-</span> 
     </span>
     <span class='ocr_line' id='line_1_5' title="bbox 263 383 1961 438; baseline -0.002 -14"><span class='ocrx_word' id='word_1_44' title='bbox 263 402 304 424; x_wconf 58' lang='grc' dir='ltr'>τε</span> <span class='ocrx_word' id='word_1_45' title='bbox 327 388 627 438; x_wconf 76' lang='lat' dir='ltr'>propinquioribus</span> <span class='ocrx_word' id='word_1_46' title='bbox 640 412 650 427; x_wconf 91' lang='lat'>‚</span> <span class='ocrx_word' id='word_1_47' title='bbox 674 387 791 435; x_wconf 59' lang='lat' dir='ltr'>ibisque</span> <span class='ocrx_word' id='word_1_48' title='bbox 802 383 1015 422; x_wconf 73' lang='lat' dir='ltr'>concrescunt</span> <span class='ocrx_word' id='word_1_49' title='bbox 1027 391 1062 423; x_wconf 87' lang='lat' dir='ltr'>in</span> <span class='ocrx_word' id='word_1_50' title='bbox 1072 388 1207 422; x_wconf 76' lang='lat' dir='ltr'>nebulas</span> <span class='ocrx_word' id='word_1_51' title='bbox 1221 392 1256 422; x_wconf 81' lang='lat'><strong>&amp;</strong></span> <span class='ocrx_word' id='word_1_52' title='bbox 1268 387 1442 434; x_wconf 81' lang='lat' dir='ltr'>caligines,</span> <span class='ocrx_word' id='word_1_53' title='bbox 1470 398 1609 433; x_wconf 78' lang='lat' dir='ltr'>vapores</span> <span class='ocrx_word' id='word_1_54' title='bbox 1630 387 1961 434; x_wconf 73' lang='lat' dir='ltr'>humidiutpoteme·</span> 
     </span>
     <span class='ocr_line' id='line_1_6' title="bbox 264 435 1963 484; baseline -0.005 -11"><span class='ocrx_word' id='word_1_55' title='bbox 264 440 515 477; x_wconf 77' lang='lat' dir='ltr'>diiinlevitate,</span> <span class='ocrx_word' id='word_1_56' title='bbox 547 437 663 472; x_wconf 86' lang='lat' dir='ltr'>sistunt</span> <span class='ocrx_word' id='word_1_57' title='bbox 679 441 714 473; x_wconf 91' lang='lat' dir='ltr'>in</span> <span class='ocrx_word' id='word_1_58' title='bbox 732 440 871 472; x_wconf 86' lang='lat' dir='ltr'>secunda</span> <span class='ocrx_word' id='word_1_59' title='bbox 882 439 1034 484; x_wconf 85' lang='lat' dir='ltr'>regione,</span> <span class='ocrx_word' id='word_1_60' title='bbox 1061 435 1421 472; x_wconf 79' lang='lat' dir='ltr'>acibiconcrescuntin</span> <span class='ocrx_word' id='word_1_61' title='bbox 1431 437 1546 471; x_wconf 79' lang='lat' dir='ltr'>nubes.</span> <span class='ocrx_word' id='word_1_62' title='bbox 1602 438 1642 470; x_wconf 82' lang='lat' dir='ltr'>Et</span> <span class='ocrx_word' id='word_1_63' title='bbox 1652 448 1691 469; x_wconf 77' lang='lat' dir='ltr'>ex</span> <span class='ocrx_word' id='word_1_64' title='bbox 1701 435 1889 478; x_wconf 78' lang='lat' dir='ltr'>hujusmodi</span> <span class='ocrx_word' id='word_1_65' title='bbox 1901 446 1963 466; x_wconf 80' lang='lat' dir='ltr'>ne-</span> 
     </span>
     <span class='ocr_line' id='line_1_7' title="bbox 264 482 1962 534; baseline -0.003 -12"><span class='ocrx_word' id='word_1_66' title='bbox 264 488 351 523; x_wconf 90' lang='lat' dir='ltr'>bulis</span> <span class='ocrx_word' id='word_1_67' title='bbox 359 488 449 522; x_wconf 60' lang='lat' dir='ltr'>factae</span> <span class='ocrx_word' id='word_1_68' title='bbox 458 486 533 522; x_wconf 91' lang='lat' dir='ltr'>sunt</span> <span class='ocrx_word' id='word_1_69' title='bbox 543 486 609 522; x_wconf 86' lang='lat' dir='ltr'>fine</span> <span class='ocrx_word' id='word_1_70' title='bbox 618 487 722 522; x_wconf 88' lang='lat' dir='ltr'>dubio</span> <span class='ocrx_word' id='word_1_71' title='bbox 735 489 933 534; x_wconf 81' lang='lat' dir='ltr'>AEgyptiacae</span> <span class='ocrx_word' id='word_1_72' title='bbox 946 486 1007 521; x_wconf 77' lang='lat' dir='ltr'>illae</span> <span class='ocrx_word' id='word_1_73' title='bbox 1019 487 1159 521; x_wconf 81' lang='lat' dir='ltr'>tenebrae</span> <span class='ocrx_word' id='word_1_74' title='bbox 1171 510 1181 525; x_wconf 87' lang='lat'>‚</span> <span class='ocrx_word' id='word_1_75' title='bbox 1205 499 1279 534; x_wconf 86' lang='lat' dir='ltr'>quae</span> <span class='ocrx_word' id='word_1_76' title='bbox 1295 497 1451 534; x_wconf 88' lang='lat' dir='ltr'>poterant</span> <span class='ocrx_word' id='word_1_77' title='bbox 1464 487 1588 533; x_wconf 87' lang='lat' dir='ltr'>palpari</span> <span class='ocrx_word' id='word_1_78' title='bbox 1603 497 1614 530; x_wconf 82' lang='lat'>3</span> <span class='ocrx_word' id='word_1_79' title='bbox 1642 488 1677 519; x_wconf 62' lang='grc' dir='ltr'>δέ</span> <span class='ocrx_word' id='word_1_80' title='bbox 1687 496 1821 530; x_wconf 83' lang='lat' dir='ltr'>propter</span> <span class='ocrx_word' id='word_1_81' title='bbox 1829 482 1962 519; x_wconf 82' lang='lat' dir='ltr'>nebulae</span> 
     </span>
     <span class='ocr_line' id='line_1_8' title="bbox 267 533 1961 584; baseline -0.002 -13"><span class='ocrx_word' id='word_1_82' title='bbox 267 536 458 571; x_wconf 77' lang='lat' dir='ltr'>densitatem</span> <span class='ocrx_word' id='word_1_83' title='bbox 477 549 607 572; x_wconf 89' lang='lat' dir='ltr'>motum</span> <span class='ocrx_word' id='word_1_84' title='bbox 621 537 758 572; x_wconf 82' lang='lat' dir='ltr'>localem</span> <span class='ocrx_word' id='word_1_85' title='bbox 773 534 1012 583; x_wconf 77' lang='lat' dir='ltr'>impediebant.</span> <span class='ocrx_word' id='word_1_86' title='bbox 1061 539 1171 584; x_wconf 85' lang='lat' dir='ltr'>Atque</span> <span class='ocrx_word' id='word_1_87' title='bbox 1186 536 1252 574; x_wconf 81' lang='lat' dir='ltr'>haec</span> <span class='ocrx_word' id='word_1_88' title='bbox 1262 539 1368 584; x_wconf 76' lang='lat' dir='ltr'>prima</span> <span class='ocrx_word' id='word_1_89' title='bbox 1379 535 1507 570; x_wconf 87' lang='lat' dir='ltr'>nebulae</span> <span class='ocrx_word' id='word_1_90' title='bbox 1522 534 1720 582; x_wconf 82' lang='lat' dir='ltr'>speciesest‚</span> <span class='ocrx_word' id='word_1_91' title='bbox 1747 533 1961 581; x_wconf 72' lang='lat' dir='ltr'>quaedescen-</span> 
     </span>
     <span class='ocr_line' id='line_1_9' title="bbox 264 583 1806 632; baseline 0.001 -11"><span class='ocrx_word' id='word_1_92' title='bbox 264 588 312 621; x_wconf 88' lang='lat' dir='ltr'>dit</span> <span class='ocrx_word' id='word_1_93' title='bbox 325 586 342 620; x_wconf 82' lang='grc' dir='ltr'>ὲ</span> <span class='ocrx_word' id='word_1_94' title='bbox 354 585 516 622; x_wconf 78' lang='lat' dir='ltr'>nubibus.</span> <span class='ocrx_word' id='word_1_95' title='bbox 564 589 612 621; x_wconf 85' lang='lat' dir='ltr'>Ex</span> <span class='ocrx_word' id='word_1_96' title='bbox 622 587 671 622; x_wconf 89' lang='lat' dir='ltr'>his</span> <span class='ocrx_word' id='word_1_97' title='bbox 682 583 883 632; x_wconf 86' lang='lat' dir='ltr'>subsequens</span> <span class='ocrx_word' id='word_1_98' title='bbox 892 584 1029 621; x_wconf 88' lang='lat' dir='ltr'>dubium</span> <span class='ocrx_word' id='word_1_99' title='bbox 1041 585 1195 623; x_wconf 76' lang='lat' dir='ltr'>resolves.</span> <span class='ocrx_word' id='word_1_100' title='bbox 1709 628 1711 631; x_wconf 22' lang='grc' dir='ltr'><strong><em>ι</em></strong></span> <span class='ocrx_word' id='word_1_101' title='bbox 1802 599 1806 603; x_wconf 89' lang='grc'><em>·</em></span> 
     </span>
    </p>

    <p class='ocr_par' dir='ltr' id='par_1_3' title="bbox 265 632 1969 1127">
     <span class='ocr_line' id='line_1_10' title="bbox 357 632 1965 681; baseline -0.002 -12"><span class='ocrx_word' id='word_1_102' title='bbox 357 632 432 670; x_wconf 73' lang='lat' dir='ltr'>&#39;Cur</span> <span class='ocrx_word' id='word_1_103' title='bbox 455 637 521 671; x_wconf 83' lang='lat' dir='ltr'>haec</span> <span class='ocrx_word' id='word_1_104' title='bbox 530 635 650 671; x_wconf 88' lang='lat' dir='ltr'>nebula</span> <span class='ocrx_word' id='word_1_105' title='bbox 665 640 698 671; x_wconf 89' lang='lat'>&amp;</span> <span class='ocrx_word' id='word_1_106' title='bbox 721 635 825 681; x_wconf 77' lang='lat' dir='ltr'>caligo</span> <span class='ocrx_word' id='word_1_107' title='bbox 839 633 900 668; x_wconf 83' lang='lat' dir='ltr'>sint</span> <span class='ocrx_word' id='word_1_108' title='bbox 912 634 1103 670; x_wconf 76' lang='lat' dir='ltr'>infaecundae</span> <span class='ocrx_word' id='word_1_109' title='bbox 1116 643 1276 679; x_wconf 83' lang='lat' dir='ltr'>aquarum</span> <span class='ocrx_word' id='word_1_110' title='bbox 1298 638 1333 670; x_wconf 69' lang='grc' dir='ltr'>ὅ(</span> <span class='ocrx_word' id='word_1_111' title='bbox 1347 648 1413 671; x_wconf 90' lang='lat' dir='ltr'>non</span> <span class='ocrx_word' id='word_1_112' title='bbox 1427 634 1633 670; x_wconf 73' lang='lat' dir='ltr'>resolvantur</span> <span class='ocrx_word' id='word_1_113' title='bbox 1644 634 1680 667; x_wconf 92' lang='lat' dir='ltr'>in</span> <span class='ocrx_word' id='word_1_114' title='bbox 1689 632 1835 680; x_wconf 81' lang='lat' dir='ltr'>pluviam</span> <span class='ocrx_word' id='word_1_115' title='bbox 1847 650 1862 670; x_wconf 63' lang='lat'>⁴,</span> <span class='ocrx_word' id='word_1_116' title='bbox 1885 633 1965 679; x_wconf 72' lang='lat' dir='ltr'>quia</span> 
     </span>
     <span class='ocr_line' id='line_1_11' title="bbox 265 682 1963 731; baseline -0.002 -13"><span class='ocrx_word' id='word_1_117' title='bbox 265 685 519 731; x_wconf 83' lang='lat' dir='ltr'>nempe&#39;coustat</span> <span class='ocrx_word' id='word_1_118' title='bbox 536 685 802 720; x_wconf 83' lang='lat' dir='ltr'>exhalationibus</span> <span class='ocrx_word' id='word_1_119' title='bbox 813 686 926 718; x_wconf 81' lang='lat' dir='ltr'>terreis</span> <span class='ocrx_word' id='word_1_120' title='bbox 943 688 976 719; x_wconf 89' lang='lat'>&amp;</span> <span class='ocrx_word' id='word_1_121' title='bbox 995 684 1194 723; x_wconf 58' lang='lat' dir='ltr'>faeculentis,</span> <span class='ocrx_word' id='word_1_122' title='bbox 1220 696 1323 731; x_wconf 80' lang='lat' dir='ltr'>atque</span> <span class='ocrx_word' id='word_1_123' title='bbox 1345 686 1423 720; x_wconf 73' lang='lat' dir='ltr'>‘ideo</span> <span class='ocrx_word' id='word_1_124' title='bbox 1439 696 1508 718; x_wconf 91' lang='lat' dir='ltr'>non</span> <span class='ocrx_word' id='word_1_125' title='bbox 1533 682 1759 717; x_wconf 76' lang='lat' dir='ltr'>resolutilibus</span> <span class='ocrx_word' id='word_1_126' title='bbox 1772 686 1804 716; x_wconf 69' lang='lat' dir='ltr'>is.</span> <span class='ocrx_word' id='word_1_127' title='bbox 1822 688 1963 726; x_wconf 52' lang='lat' dir='ltr'>squamg</span> 
     </span>
     <span class='ocr_line' id='line_1_12' title="bbox 265 730 1962 784; baseline -0.001 -18"><span class='ocrx_word' id='word_1_128' title='bbox 265 734 386 768; x_wconf 89' lang='lat' dir='ltr'>deinde</span> <span class='ocrx_word' id='word_1_129' title='bbox 398 737 497 769; x_wconf 85' lang='lat' dir='ltr'>etiam</span> <span class='ocrx_word' id='word_1_130' title='bbox 510 733 731 778; x_wconf 82' lang='lat' dir='ltr'>rationeloci3</span> <span class='ocrx_word' id='word_1_131' title='bbox 758 732 864 767; x_wconf 82' lang='lat' dir='ltr'>nubes</span> <span class='ocrx_word' id='word_1_132' title='bbox 881 735 970 767; x_wconf 87' lang='lat' dir='ltr'>enim</span> <span class='ocrx_word' id='word_1_133' title='bbox 985 757 995 772; x_wconf 89' lang='lat'>‚</span> <span class='ocrx_word' id='word_1_134' title='bbox 1022 734 1097 768; x_wconf 73' lang='lat' dir='ltr'>cum</span> <span class='ocrx_word' id='word_1_135' title='bbox 1113 734 1174 768; x_wconf 80' lang='lat' dir='ltr'>sint</span> <span class='ocrx_word' id='word_1_136' title='bbox 1188 736 1222 767; x_wconf 90' lang='lat' dir='ltr'>in</span> <span class='ocrx_word' id='word_1_137' title='bbox 1240 733 1315 768; x_wconf 85' lang='lat' dir='ltr'>loco</span> <span class='ocrx_word' id='word_1_138' title='bbox 1329 735 1453 784; x_wconf 71' lang='lat' dir='ltr'>frigido</span> <span class='ocrx_word' id='word_1_139' title='bbox 1465 737 1499 768; x_wconf 74' lang='grc' dir='ltr'>δι</span> <span class='ocrx_word' id='word_1_140' title='bbox 1518 731 1746 778; x_wconf 67' lang='lat' dir='ltr'>maximeapto</span> <span class='ocrx_word' id='word_1_141' title='bbox 1760 756 1768 770; x_wconf 61' lang='lat'>7</span> <span class='ocrx_word' id='word_1_142' title='bbox 1798 742 1832 763; x_wconf 70' lang='lat' dir='ltr'>nt</span> <span class='ocrx_word' id='word_1_143' title='bbox 1845 730 1890 762; x_wconf 77' lang='lat' dir='ltr'>ibi</span> <span class='ocrx_word' id='word_1_144' title='bbox 1903 743 1962 764; x_wconf 79' lang='lat' dir='ltr'>va-</span> 
     </span>
     <span class='ocr_line' id='line_1_13' title="bbox 269 779 1962 832; baseline -0.002 -15"><span class='ocrx_word' id='word_1_145' title='bbox 269 795 366 829; x_wconf 86' lang='lat' dir='ltr'>pores</span> <span class='ocrx_word' id='word_1_146' title='bbox 377 785 484 819; x_wconf 86' lang='lat' dir='ltr'>redire</span> <span class='ocrx_word' id='word_1_147' title='bbox 501 784 621 831; x_wconf 84' lang='lat' dir='ltr'>posiint</span> <span class='ocrx_word' id='word_1_148' title='bbox 634 783 672 817; x_wconf 87' lang='lat' dir='ltr'>ad</span> <span class='ocrx_word' id='word_1_149' title='bbox 685 783 777 816; x_wconf 85' lang='lat' dir='ltr'>suurn</span> <span class='ocrx_word' id='word_1_150' title='bbox 793 785 945 817; x_wconf 87' lang='lat' dir='ltr'>nativum</span> <span class='ocrx_word' id='word_1_151' title='bbox 959 782 1066 832; x_wconf 77' lang='lat' dir='ltr'>frigus</span> <span class='ocrx_word' id='word_1_152' title='bbox 1081 807 1090 822; x_wconf 91' lang='lat'><em>‚</em></span> <span class='ocrx_word' id='word_1_153' title='bbox 1119 783 1251 831; x_wconf 79' lang='lat' dir='ltr'>poliunt</span> <span class='ocrx_word' id='word_1_154' title='bbox 1263 786 1297 818; x_wconf 90' lang='lat' dir='ltr'>in</span> <span class='ocrx_word' id='word_1_155' title='bbox 1315 783 1442 832; x_wconf 82' lang='lat' dir='ltr'>pluvias</span> <span class='ocrx_word' id='word_1_156' title='bbox 1457 781 1598 829; x_wconf 65' lang='lat' dir='ltr'>resolvi3</span> <span class='ocrx_word' id='word_1_157' title='bbox 1622 781 1697 816; x_wconf 69' lang='lat' dir='ltr'>curu</span> <span class='ocrx_word' id='word_1_158' title='bbox 1711 793 1818 815; x_wconf 74' lang='lat' dir='ltr'>autem</span> <span class='ocrx_word' id='word_1_159' title='bbox 1837 779 1962 814; x_wconf 73' lang='lat' dir='ltr'>nebula:</span> 
     </span>
     <span class='ocr_line' id='line_1_14' title="bbox 269 830 1964 880; baseline -0.002 -14"><span class='ocrx_word' id='word_1_160' title='bbox 269 833 311 866; x_wconf 85' lang='lat' dir='ltr'>ad</span> <span class='ocrx_word' id='word_1_161' title='bbox 345 832 443 867; x_wconf 86' lang='lat' dir='ltr'>talem</span> <span class='ocrx_word' id='word_1_162' title='bbox 475 834 588 868; x_wconf 83' lang='lat' dir='ltr'>locum</span> <span class='ocrx_word' id='word_1_163' title='bbox 624 844 693 866; x_wconf 92' lang='lat' dir='ltr'>non</span> <span class='ocrx_word' id='word_1_164' title='bbox 729 830 903 866; x_wconf 85' lang='lat' dir='ltr'>ascendant</span> <span class='ocrx_word' id='word_1_165' title='bbox 922 846 936 879; x_wconf 81' lang='lat'>3</span> <span class='ocrx_word' id='word_1_166' title='bbox 987 834 1063 868; x_wconf 73' lang='lat' dir='ltr'>ideo</span> <span class='ocrx_word' id='word_1_167' title='bbox 1092 836 1210 880; x_wconf 85' lang='lat' dir='ltr'>inepta:</span> <span class='ocrx_word' id='word_1_168' title='bbox 1237 832 1312 867; x_wconf 87' lang='lat' dir='ltr'>sunt</span> <span class='ocrx_word' id='word_1_169' title='bbox 1325 858 1335 875; x_wconf 93' lang='lat'>,</span> <span class='ocrx_word' id='word_1_170' title='bbox 1373 844 1410 869; x_wconf 91' lang='lat' dir='ltr'>ut</span> <span class='ocrx_word' id='word_1_171' title='bbox 1428 835 1462 866; x_wconf 90' lang='lat' dir='ltr'>in</span> <span class='ocrx_word' id='word_1_172' title='bbox 1490 831 1638 879; x_wconf 81' lang='lat' dir='ltr'>pluviam</span> <span class='ocrx_word' id='word_1_173' title='bbox 1671 831 1852 866; x_wconf 73' lang='lat' dir='ltr'>solvantur.</span> <span class='ocrx_word' id='word_1_174' title='bbox 1907 830 1964 862; x_wconf 88' lang='lat' dir='ltr'>O·</span> 
     </span>
     <span class='ocr_line' id='line_1_15' title="bbox 266 879 1963 928; baseline -0.002 -13"><span class='ocrx_word' id='word_1_175' title='bbox 266 881 391 916; x_wconf 86' lang='lat' dir='ltr'>liverus</span> <span class='ocrx_word' id='word_1_176' title='bbox 405 886 577 927; x_wconf 75' lang='lat' dir='ltr'>meminit3</span> <span class='ocrx_word' id='word_1_177' title='bbox 615 883 702 915; x_wconf 81' lang='lat' dir='ltr'>haud</span> <span class='ocrx_word' id='word_1_178' title='bbox 713 881 812 928; x_wconf 79' lang='lat' dir='ltr'>longe</span> <span class='ocrx_word' id='word_1_179' title='bbox 823 881 840 916; x_wconf 72' lang='lat' dir='ltr'>:i</span> <span class='ocrx_word' id='word_1_180' title='bbox 851 894 949 928; x_wconf 84' lang='lat' dir='ltr'>portu</span> <span class='ocrx_word' id='word_1_181' title='bbox 960 884 1092 927; x_wconf 69' lang='lat' dir='ltr'>Formosa</span> <span class='ocrx_word' id='word_1_182' title='bbox 1102 886 1134 917; x_wconf 87' lang='lat' dir='ltr'>in</span> <span class='ocrx_word' id='word_1_183' title='bbox 1147 883 1251 916; x_wconf 68' lang='lat' dir='ltr'>[tastu</span> <span class='ocrx_word' id='word_1_184' title='bbox 1265 886 1403 918; x_wconf 77' lang='lat' dir='ltr'>&#39;marino</span> <span class='ocrx_word' id='word_1_185' title='bbox 1418 885 1503 916; x_wconf 85' lang='lat' dir='ltr'>inter</span> <span class='ocrx_word' id='word_1_186' title='bbox 1520 881 1700 914; x_wconf 68' lang='lat' dir='ltr'>Baldiviam</span> <span class='ocrx_word' id='word_1_187' title='bbox 1713 883 1745 913; x_wconf 90' lang='lat' dir='ltr'>in</span> <span class='ocrx_word' id='word_1_188' title='bbox 1763 881 1843 924; x_wconf 53' lang='lat' dir='ltr'>(luri</span> <span class='ocrx_word' id='word_1_189' title='bbox 1857 879 1963 913; x_wconf 71' lang='lat' dir='ltr'>acCi«</span> 
     </span>
     <span class='ocr_line' id='line_1_16' title="bbox 269 926 1962 981; baseline -0.002 -16"><span class='ocrx_word' id='word_1_190' title='bbox 269 933 407 967; x_wconf 82' lang='lat' dir='ltr'>vitatem</span> <span class='ocrx_word' id='word_1_191' title='bbox 423 934 513 967; x_wconf 60' lang='lat' dir='ltr'>Lirim</span> <span class='ocrx_word' id='word_1_192' title='bbox 525 929 693 970; x_wconf 83' lang='lat' dir='ltr'>incidisse,</span> <span class='ocrx_word' id='word_1_193' title='bbox 719 931 792 964; x_wconf 87' lang='lat' dir='ltr'>sein</span> <span class='ocrx_word' id='word_1_194' title='bbox 807 931 1035 976; x_wconf 77' lang='lat' dir='ltr'>tempestatem</span> <span class='ocrx_word' id='word_1_195' title='bbox 1047 931 1258 971; x_wconf 79' lang='lat' dir='ltr'>nebulosam,</span> <span class='ocrx_word' id='word_1_196' title='bbox 1279 935 1314 966; x_wconf 83' lang='lat' dir='ltr'>in</span> <span class='ocrx_word' id='word_1_197' title='bbox 1328 947 1394 981; x_wconf 85' lang='lat' dir='ltr'>qua</span> <span class='ocrx_word' id='word_1_198' title='bbox 1404 934 1459 965; x_wconf 80' lang='lat' dir='ltr'>vix</span> <span class='ocrx_word' id='word_1_199' title='bbox 1468 931 1507 964; x_wconf 80' lang='lat' dir='ltr'>ad</span> <span class='ocrx_word' id='word_1_200' title='bbox 1525 928 1753 975; x_wconf 61' lang='lat' dir='ltr'>lapidism‘tum</span> <span class='ocrx_word' id='word_1_201' title='bbox 1765 934 1842 976; x_wconf 74' lang='lat' dir='ltr'>quis</span> <span class='ocrx_word' id='word_1_202' title='bbox 1853 926 1962 962; x_wconf 83' lang='lat' dir='ltr'>visum</span> 
     </span>
     <span class='ocr_line' id='line_1_17' title="bbox 269 975 1965 1029; baseline 0 -15"><span class='ocrx_word' id='word_1_203' title='bbox 269 982 467 1025; x_wconf 86' lang='lat' dir='ltr'>protendere</span> <span class='ocrx_word' id='word_1_204' title='bbox 478 984 611 1027; x_wconf 81' lang='lat' dir='ltr'>potuit3</span> <span class='ocrx_word' id='word_1_205' title='bbox 638 979 759 1014; x_wconf 88' lang='lat' dir='ltr'>nebula</span> <span class='ocrx_word' id='word_1_206' title='bbox 778 991 888 1014; x_wconf 80' lang='lat' dir='ltr'>autern</span> <span class='ocrx_word' id='word_1_207' title='bbox 906 981 961 1014; x_wconf 86' lang='lat' dir='ltr'>illa</span> <span class='ocrx_word' id='word_1_208' title='bbox 979 979 1044 1015; x_wconf 87' lang='lat' dir='ltr'>fuit</span> <span class='ocrx_word' id='word_1_209' title='bbox 1056 982 1156 1015; x_wconf 68' lang='lat' dir='ltr'>instar</span> <span class='ocrx_word' id='word_1_210' title='bbox 1175 980 1398 1029; x_wconf 85' lang='lat' dir='ltr'>siccipulveris</span> <span class='ocrx_word' id='word_1_211' title='bbox 1418 979 1597 1014; x_wconf 80' lang='lat' dir='ltr'>admodum</span> <span class='ocrx_word' id='word_1_212' title='bbox 1610 975 1720 1013; x_wconf 75' lang='lat' dir='ltr'>farinae</span> <span class='ocrx_word' id='word_1_213' title='bbox 1736 981 1938 1013; x_wconf 60' lang='lat' dir='ltr'>comminuti</span> <span class='ocrx_word' id='word_1_214' title='bbox 1950 998 1965 1015; x_wconf 64' lang='grc' dir='ltr'>ι</span> 
     </span>
     <span class='ocr_line' id='line_1_18' title="bbox 269 1026 1969 1079; baseline 0.002 -16"><span class='ocrx_word' id='word_1_215' title='bbox 269 1031 357 1064; x_wconf 90' lang='lat' dir='ltr'>unde</span> <span class='ocrx_word' id='word_1_216' title='bbox 370 1034 403 1065; x_wconf 91' lang='lat'>&amp;</span> <span class='ocrx_word' id='word_1_217' title='bbox 415 1031 516 1065; x_wconf 84' lang='lat' dir='ltr'>vestes</span> <span class='ocrx_word' id='word_1_218' title='bbox 528 1042 644 1065; x_wconf 87' lang='lat' dir='ltr'>eorum</span> <span class='ocrx_word' id='word_1_219' title='bbox 655 1054 665 1071; x_wconf 90' lang='lat'>,</span> <span class='ocrx_word' id='word_1_220' title='bbox 691 1032 748 1076; x_wconf 86' lang='lat' dir='ltr'>qui</span> <span class='ocrx_word' id='word_1_221' title='bbox 765 1032 800 1064; x_wconf 89' lang='lat' dir='ltr'>in</span> <span class='ocrx_word' id='word_1_222' title='bbox 811 1032 885 1064; x_wconf 83' lang='lat' dir='ltr'>navi</span> <span class='ocrx_word' id='word_1_223' title='bbox 905 1041 999 1064; x_wconf 82' lang='lat' dir='ltr'>erant</span> <span class='ocrx_word' id='word_1_224' title='bbox 1009 1031 1190 1079; x_wconf 67' lang='lat' dir='ltr'>conspersae</span> <span class='ocrx_word' id='word_1_225' title='bbox 1202 1034 1246 1066; x_wconf 82' lang='lat' dir='ltr'>ita</span> <span class='ocrx_word' id='word_1_226' title='bbox 1258 1031 1457 1074; x_wconf 73' lang='lat' dir='ltr'>a‘lbicarunt,</span> <span class='ocrx_word' id='word_1_227' title='bbox 1485 1026 1576 1077; x_wconf 85' lang='lat' dir='ltr'>quasi</span> <span class='ocrx_word' id='word_1_228' title='bbox 1591 1027 1697 1064; x_wconf 67' lang='lat' dir='ltr'>farinfi</span> <span class='ocrx_word' id='word_1_229' title='bbox 1722 1028 1795 1062; x_wconf 68' lang='lat' dir='ltr'>alba</span> <span class='ocrx_word' id='word_1_230' title='bbox 1807 1027 1943 1063; x_wconf 81' lang='lat' dir='ltr'>fuissent</span> <span class='ocrx_word' id='word_1_231' title='bbox 1953 1047 1969 1067; x_wconf 62' lang='grc' dir='ltr'>υ</span> 
     </span>
     <span class='ocr_line' id='line_1_19' title="bbox 271 1079 769 1127; baseline 0.004 -14"><span class='ocrx_word' id='word_1_232' title='bbox 271 1079 461 1127; x_wconf 71' lang='lat' dir='ltr'>conspersae.</span> <span class='ocrx_word' id='word_1_233' title='bbox 767 1124 769 1127; x_wconf 90' lang='lat'>.</span> 
     </span>
    </p>

    <p class='ocr_par' dir='ltr' id='par_1_4' title="bbox 360 1126 1967 1175">
     <span class='ocr_line' id='line_1_20' title="bbox 360 1126 1967 1175; baseline -0.003 -11"><span class='ocrx_word' id='word_1_234' title='bbox 360 1127 545 1164; x_wconf 83' lang='lat' dir='ltr'>&#39;Conclusio</span> <span class='ocrx_word' id='word_1_235' title='bbox 560 1128 718 1164; x_wconf 81' lang='lat' dir='ltr'>secunda.</span> <span class='ocrx_word' id='word_1_236' title='bbox 769 1126 898 1162; x_wconf 80' lang='lat' dir='ltr'>Nebula</span> <span class='ocrx_word' id='word_1_237' title='bbox 909 1128 926 1162; x_wconf 86' lang='grc' dir='ltr'>ὲ</span> <span class='ocrx_word' id='word_1_238' title='bbox 941 1128 1190 1164; x_wconf 79' lang='lat' dir='ltr'>humidioribus</span> <span class='ocrx_word' id='word_1_239' title='bbox 1201 1128 1280 1164; x_wconf 85' lang='lat' dir='ltr'>locis</span> <span class='ocrx_word' id='word_1_240' title='bbox 1298 1128 1526 1165; x_wconf 71' lang='lat' dir='ltr'>ascendensest</span> <span class='ocrx_word' id='word_1_241' title='bbox 1536 1126 1653 1165; x_wconf 76' lang='lat' dir='ltr'>crassus</span> <span class='ocrx_word' id='word_1_242' title='bbox 1663 1127 1799 1175; x_wconf 85' lang='lat' dir='ltr'>quidam</span> <span class='ocrx_word' id='word_1_243' title='bbox 1815 1137 1917 1172; x_wconf 88' lang='lat' dir='ltr'>vapor</span> <span class='ocrx_word' id='word_1_244' title='bbox 1926 1137 1967 1160; x_wconf 85' lang='lat' dir='ltr'>ex</span> 
     </span>
    </p>
   </div>
   <div class='ocr_carea' id='block_1_3' title="bbox 268 1176 2024 1225">
    <p class='ocr_par' dir='ltr' id='par_1_5' title="bbox 268 1176 2024 1225">
     <span class='ocr_line' id='line_1_21' title="bbox 268 1176 2024 1225; baseline -0.002 -13"><span class='ocrx_word' id='word_1_245' title='bbox 268 1177 486 1214; x_wconf 84' lang='lat' dir='ltr'>humentibus</span> <span class='ocrx_word' id='word_1_246' title='bbox 496 1178 575 1212; x_wconf 88' lang='lat' dir='ltr'>locis</span> <span class='ocrx_word' id='word_1_247' title='bbox 590 1178 784 1214; x_wconf 53' lang='lat' dir='ltr'>elevastis&amp;</span> <span class='ocrx_word' id='word_1_248' title='bbox 795 1189 931 1212; x_wconf 86' lang='lat' dir='ltr'>manens</span> <span class='ocrx_word' id='word_1_249' title='bbox 941 1181 975 1213; x_wconf 91' lang='lat' dir='ltr'>in</span> <span class='ocrx_word' id='word_1_250' title='bbox 987 1179 1101 1213; x_wconf 81' lang='lat' dir='ltr'>infima</span> <span class='ocrx_word' id='word_1_251' title='bbox 1116 1181 1249 1225; x_wconf 71' lang='lat' dir='ltr'>regione</span> <span class='ocrx_word' id='word_1_252' title='bbox 1264 1183 1346 1213; x_wconf 75' lang='lat' dir='ltr'>aeris</span> <span class='ocrx_word' id='word_1_253' title='bbox 1356 1179 1399 1213; x_wconf 86' lang='lat' dir='ltr'>ob</span> <span class='ocrx_word' id='word_1_254' title='bbox 1410 1179 1762 1225; x_wconf 77' lang='lat' dir='ltr'>spnlirudinem‚quam</span> <span class='ocrx_word' id='word_1_255' title='bbox 1774 1176 1880 1224; x_wconf 84' lang='lat' dir='ltr'>srigus</span> <span class='ocrx_word' id='word_1_256' title='bbox 1893 1186 1972 1213; x_wconf 65' lang='lat' dir='ltr'>tan-,</span> <span class='ocrx_word' id='word_1_257' title='bbox 2020 1207 2024 1216; x_wconf 26' lang='lat' dir='ltr'>L</span> 
     </span>
    </p>
   </div>
   <div class='ocr_carea' id='block_1_4' title="bbox 272 1224 1966 1278">
    <p class='ocr_par' dir='ltr' id='par_1_6' title="bbox 272 1224 2040 1278">
     <span class='ocr_line' id='line_1_22' title="bbox 272 1224 1966 1278; baseline -0.003 -16"><span class='ocrx_word' id='word_1_258' title='bbox 272 1240 372 1274; x_wconf 88' lang='lat' dir='ltr'>quam</span> <span class='ocrx_word' id='word_1_259' title='bbox 383 1226 475 1262; x_wconf 87' lang='lat' dir='ltr'>causa</span> <span class='ocrx_word' id='word_1_260' title='bbox 486 1225 628 1261; x_wconf 86' lang='lat' dir='ltr'>efficiens</span> <span class='ocrx_word' id='word_1_261' title='bbox 647 1227 786 1264; x_wconf 87' lang='lat' dir='ltr'>inducit.</span> <span class='ocrx_word' id='word_1_262' title='bbox 839 1229 997 1278; x_wconf 73' lang='lat' dir='ltr'>Gignitur</span> <span class='ocrx_word' id='word_1_263' title='bbox 1019 1228 1191 1263; x_wconf 71' lang='lat' dir='ltr'>fermelub</span> <span class='ocrx_word' id='word_1_264' title='bbox 1215 1228 1314 1264; x_wconf 71' lang='lat' dir='ltr'>finem</span> <span class='ocrx_word' id='word_1_265' title='bbox 1337 1229 1389 1264; x_wconf 90' lang='lat' dir='ltr'>vel</span> <span class='ocrx_word' id='word_1_266' title='bbox 1408 1231 1496 1268; x_wconf 86' lang='lat' dir='ltr'>diei,</span> <span class='ocrx_word' id='word_1_267' title='bbox 1524 1228 1693 1265; x_wconf 66' lang='lat' dir='ltr'>velnostis</span> <span class='ocrx_word' id='word_1_268' title='bbox 1710 1250 1722 1265; x_wconf 91' lang='lat'>,</span> <span class='ocrx_word' id='word_1_269' title='bbox 1745 1224 1966 1273; x_wconf 80' lang='lat' dir='ltr'>quaehumida</span> 
     </span>
    </p>
   </div>
   <div class='ocr_carea' id='block_1_5' title="bbox 269 1272 2042 1326">
    <p class='ocr_par' dir='ltr' id='par_1_7' title="bbox 269 1272 2042 1326">
     <span class='ocr_line' id='line_1_23' title="bbox 269 1272 2042 1326; baseline -0.002 -15"><span class='ocrx_word' id='word_1_270' title='bbox 269 1276 359 1322; x_wconf 60' lang='lat' dir='ltr'>fuig,</span> <span class='ocrx_word' id='word_1_271' title='bbox 385 1280 551 1324; x_wconf 86' lang='lat' dir='ltr'>quoniam</span> <span class='ocrx_word' id='word_1_272' title='bbox 569 1276 715 1311; x_wconf 87' lang='lat' dir='ltr'>multum</span> <span class='ocrx_word' id='word_1_273' title='bbox 732 1277 1010 1322; x_wconf 76' lang='lat' dir='ltr'>vaporumeterra</span> <span class='ocrx_word' id='word_1_274' title='bbox 1024 1281 1100 1312; x_wconf 78' lang='lat' dir='ltr'>exit.</span> <span class='ocrx_word' id='word_1_275' title='bbox 1157 1280 1201 1312; x_wconf 88' lang='lat' dir='ltr'>Hi</span> <span class='ocrx_word' id='word_1_276' title='bbox 1211 1289 1321 1312; x_wconf 86' lang='lat' dir='ltr'>autern</span> <span class='ocrx_word' id='word_1_277' title='bbox 1330 1290 1486 1325; x_wconf 83' lang='lat' dir='ltr'>vapores,</span> <span class='ocrx_word' id='word_1_278' title='bbox 1512 1274 1836 1326; x_wconf 72' lang='lat' dir='ltr'>proutsuntaffetsti,</span> <span class='ocrx_word' id='word_1_279' title='bbox 1860 1272 1969 1308; x_wconf 89' lang='lat' dir='ltr'>nebu-</span> <span class='ocrx_word' id='word_1_280' title='bbox 2017 1272 2022 1297; x_wconf 60' lang='lat'>3¹&gt;</span> <span class='ocrx_word' id='word_1_281' title='bbox 2039 1295 2042 1298; x_wconf 98' lang='lat'>-</span> 
     </span>
    </p>
   </div>
   <div class='ocr_carea' id='block_1_6' title="bbox 273 1322 1970 1376">
    <p class='ocr_par' dir='ltr' id='par_1_8' title="bbox 273 1322 1970 1376">
     <span class='ocr_line' id='line_1_24' title="bbox 273 1322 1970 1376; baseline -0.003 -15"><span class='ocrx_word' id='word_1_282' title='bbox 273 1326 312 1361; x_wconf 88' lang='lat' dir='ltr'>lae</span> <span class='ocrx_word' id='word_1_283' title='bbox 325 1329 423 1362; x_wconf 83' lang='lat' dir='ltr'>etiarn</span> <span class='ocrx_word' id='word_1_284' title='bbox 437 1349 447 1364; x_wconf 93' lang='lat'>,</span> <span class='ocrx_word' id='word_1_285' title='bbox 473 1339 544 1373; x_wconf 85' lang='lat' dir='ltr'>quae</span> <span class='ocrx_word' id='word_1_286' title='bbox 555 1327 632 1360; x_wconf 85' lang='lat' dir='ltr'>inde</span> <span class='ocrx_word' id='word_1_287' title='bbox 642 1325 730 1360; x_wconf 88' lang='lat' dir='ltr'>fiunt</span> <span class='ocrx_word' id='word_1_288' title='bbox 774 1329 880 1361; x_wconf 79' lang='lat' dir='ltr'>varios</span> <span class='ocrx_word' id='word_1_289' title='bbox 889 1328 1006 1361; x_wconf 89' lang='lat' dir='ltr'>odores</span> <span class='ocrx_word' id='word_1_290' title='bbox 1020 1327 1187 1376; x_wconf 81' lang='lat' dir='ltr'>spargunt,</span> <span class='ocrx_word' id='word_1_291' title='bbox 1243 1329 1342 1362; x_wconf 85' lang='lat' dir='ltr'>Teter</span> <span class='ocrx_word' id='word_1_292' title='bbox 1355 1329 1437 1361; x_wconf 87' lang='lat' dir='ltr'>odor</span> <span class='ocrx_word' id='word_1_293' title='bbox 1449 1341 1516 1363; x_wconf 88' lang='lat' dir='ltr'>non</span> <span class='ocrx_word' id='word_1_294' title='bbox 1526 1328 1600 1363; x_wconf 75' lang='lat' dir='ltr'>raro</span> <span class='ocrx_word' id='word_1_295' title='bbox 1613 1328 1646 1360; x_wconf 87' lang='lat' dir='ltr'>in</span> <span class='ocrx_word' id='word_1_296' title='bbox 1660 1326 1726 1360; x_wconf 88' lang='lat' dir='ltr'>illis</span> <span class='ocrx_word' id='word_1_297' title='bbox 1746 1322 1970 1371; x_wconf 83' lang='lat' dir='ltr'>deprehendi-</span> 
     </span>
    </p>
   </div>
   <div class='ocr_carea' id='block_1_7' title="bbox 272 1371 2023 1428">
    <p class='ocr_par' dir='ltr' id='par_1_9' title="bbox 272 1371 2045 1428">
     <span class='ocr_line' id='line_1_25' title="bbox 272 1371 2023 1428; baseline -0.002 -18"><span class='ocrx_word' id='word_1_298' title='bbox 272 1388 326 1411; x_wconf 87' lang='lat' dir='ltr'>tur</span> <span class='ocrx_word' id='word_1_299' title='bbox 339 1400 349 1415; x_wconf 92' lang='lat'>,</span> <span class='ocrx_word' id='word_1_300' title='bbox 375 1377 466 1422; x_wconf 90' lang='lat' dir='ltr'>quod</span> <span class='ocrx_word' id='word_1_301' title='bbox 478 1375 515 1410; x_wconf 74' lang='lat' dir='ltr'>fit</span> <span class='ocrx_word' id='word_1_302' title='bbox 531 1399 542 1414; x_wconf 84' lang='lat'>,</span> <span class='ocrx_word' id='word_1_303' title='bbox 567 1377 645 1422; x_wconf 89' lang='lat' dir='ltr'>quia</span> <span class='ocrx_word' id='word_1_304' title='bbox 655 1371 940 1410; x_wconf 72' lang='lat' dir='ltr'>nebu&#39;laeconstant</span> <span class='ocrx_word' id='word_1_305' title='bbox 954 1379 1118 1411; x_wconf 82' lang='lat' dir='ltr'>mixtione</span> <span class='ocrx_word' id='word_1_306' title='bbox 1133 1376 1383 1411; x_wconf 85' lang='lat' dir='ltr'>exhalationum</span> <span class='ocrx_word' id='word_1_307' title='bbox 1394 1377 1548 1412; x_wconf 84' lang='lat' dir='ltr'>siccarum</span> <span class='ocrx_word' id='word_1_308' title='bbox 1568 1389 1645 1412; x_wconf 84' lang='lat' dir='ltr'>cum</span> <span class='ocrx_word' id='word_1_309' title='bbox 1665 1375 1866 1421; x_wconf 79' lang='lat' dir='ltr'>vaporibus,</span> <span class='ocrx_word' id='word_1_310' title='bbox 1893 1383 1970 1420; x_wconf 73' lang='lat' dir='ltr'>qua:</span> <span class='ocrx_word' id='word_1_311' title='bbox 2010 1419 2023 1428; x_wconf 12' lang='lat'>³</span> 
     </span>
    </p>
   </div>
   <div class='ocr_carea' id='block_1_8' title="bbox 271 1420 1966 1472">
    <p class='ocr_par' dir='ltr' id='par_1_10' title="bbox 271 1420 1966 1472">
     <span class='ocr_line' id='line_1_26' title="bbox 271 1420 1966 1472; baseline -0.003 -11"><span class='ocrx_word' id='word_1_312' title='bbox 271 1425 345 1461; x_wconf 77' lang='lat' dir='ltr'>cum</span> <span class='ocrx_word' id='word_1_313' title='bbox 357 1438 424 1459; x_wconf 91' lang='lat' dir='ltr'>non</span> <span class='ocrx_word' id='word_1_314' title='bbox 438 1423 710 1472; x_wconf 71' lang='lat' dir='ltr'>finctemperatae.</span> <span class='ocrx_word' id='word_1_315' title='bbox 760 1423 1137 1460; x_wconf 71' lang='lat' dir='ltr'>Cumiisdemfaetorem</span> <span class='ocrx_word' id='word_1_316' title='bbox 1151 1428 1294 1472; x_wconf 81' lang='lat' dir='ltr'>pariunt.</span> <span class='ocrx_word' id='word_1_317' title='bbox 1346 1429 1522 1464; x_wconf 81' lang='lat' dir='ltr'>Wotmius</span> <span class='ocrx_word' id='word_1_318' title='bbox 1541 1429 1574 1460; x_wconf 89' lang='lat' dir='ltr'>in</span> <span class='ocrx_word' id='word_1_319' title='bbox 1597 1423 1721 1460; x_wconf 81' lang='lat' dir='ltr'>Musaeo</span> <span class='ocrx_word' id='word_1_320' title='bbox 1739 1424 1797 1457; x_wconf 90' lang='lat' dir='ltr'>suo</span> <span class='ocrx_word' id='word_1_321' title='bbox 1810 1420 1913 1457; x_wconf 86' lang='lat' dir='ltr'>refert</span> <span class='ocrx_word' id='word_1_322' title='bbox 1928 1424 1966 1457; x_wconf 83' lang='lat' dir='ltr'>in</span> 
     </span>
    </p>
   </div>
   <div class='ocr_carea' id='block_1_9' title="bbox 272 1464 2043 1571">
    <p class='ocr_par' dir='ltr' id='par_1_11' title="bbox 272 1464 2043 1571">
     <span class='ocr_line' id='line_1_27' title="bbox 272 1464 2043 1523; baseline -0.002 -14"><span class='ocrx_word' id='word_1_323' title='bbox 272 1473 421 1523; x_wconf 86' lang='lat' dir='ltr'>partibus</span> <span class='ocrx_word' id='word_1_324' title='bbox 440 1473 750 1521; x_wconf 72' lang='lat' dir='ltr'>septentrionalibus</span> <span class='ocrx_word' id='word_1_325' title='bbox 763 1486 868 1508; x_wconf 88' lang='lat' dir='ltr'>verno</span> <span class='ocrx_word' id='word_1_326' title='bbox 879 1486 1031 1522; x_wconf 85' lang='lat' dir='ltr'>tempore</span> <span class='ocrx_word' id='word_1_327' title='bbox 1044 1498 1053 1513; x_wconf 79' lang='lat'><em>.</em></span> <span class='ocrx_word' id='word_1_328' title='bbox 1078 1474 1155 1510; x_wconf 70' lang='lat' dir='ltr'>curn</span> <span class='ocrx_word' id='word_1_329' title='bbox 1166 1474 1272 1510; x_wconf 82' lang='lat' dir='ltr'>densae</span> <span class='ocrx_word' id='word_1_330' title='bbox 1285 1476 1463 1510; x_wconf 75' lang='lat' dir='ltr'>admodum</span> <span class='ocrx_word' id='word_1_331' title='bbox 1481 1464 1608 1510; x_wconf 58' lang='lat' dir='ltr'>neebulae</span> <span class='ocrx_word' id='word_1_332' title='bbox 1620 1488 1659 1509; x_wconf 83' lang='lat' dir='ltr'>ex</span> <span class='ocrx_word' id='word_1_333' title='bbox 1670 1475 1752 1508; x_wconf 90' lang='lat' dir='ltr'>mari</span> <span class='ocrx_word' id='word_1_334' title='bbox 1764 1472 1970 1519; x_wconf 80' lang='lat' dir='ltr'>exsurgunt,</span> <span class='ocrx_word' id='word_1_335' title='bbox 2013 1477 2024 1519; x_wconf 59' lang='lat' dir='ltr'>&#39;J</span> <span class='ocrx_word' id='word_1_336' title='bbox 2041 1466 2043 1478; x_wconf 82' lang='grc'><strong>“</strong></span> 
     </span>
     <span class='ocr_line' id='line_1_28' title="bbox 272 1520 1964 1571; baseline -0.002 -12"><span class='ocrx_word' id='word_1_337' title='bbox 272 1536 382 1560; x_wconf 84' lang='lat' dir='ltr'>mures</span> <span class='ocrx_word' id='word_1_338' title='bbox 392 1535 476 1571; x_wconf 86' lang='lat' dir='ltr'>quos</span> <span class='ocrx_word' id='word_1_339' title='bbox 489 1524 652 1571; x_wconf 85' lang='lat' dir='ltr'>indigenae</span> <span class='ocrx_word' id='word_1_340' title='bbox 662 1522 738 1557; x_wconf 83' lang='lat' dir='ltr'>alias</span> <span class='ocrx_word' id='word_1_341' title='bbox 752 1524 895 1558; x_wconf 75' lang='lat' dir='ltr'>Lemmar</span> <span class='ocrx_word' id='word_1_342' title='bbox 912 1537 1031 1560; x_wconf 73' lang='lat' dir='ltr'>vocant</span> <span class='ocrx_word' id='word_1_343' title='bbox 1044 1548 1053 1563; x_wconf 91' lang='lat'>,</span> <span class='ocrx_word' id='word_1_344' title='bbox 1103 1524 1297 1559; x_wconf 79' lang='lat' dir='ltr'>cumulatim</span> <span class='ocrx_word' id='word_1_345' title='bbox 1315 1537 1490 1571; x_wconf 82' lang='lat' dir='ltr'>apparere,</span> <span class='ocrx_word' id='word_1_346' title='bbox 1512 1527 1583 1560; x_wconf 86' lang='lat' dir='ltr'>imo</span> <span class='ocrx_word' id='word_1_347' title='bbox 1601 1528 1636 1560; x_wconf 65' lang='grc' dir='ltr'>ὃ(</span> <span class='ocrx_word' id='word_1_348' title='bbox 1651 1535 1725 1558; x_wconf 89' lang='lat' dir='ltr'>cum</span> <span class='ocrx_word' id='word_1_349' title='bbox 1749 1520 1882 1556; x_wconf 86' lang='lat' dir='ltr'>nebulis</span> <span class='ocrx_word' id='word_1_350' title='bbox 1894 1521 1964 1555; x_wconf 84' lang='lat' dir='ltr'>istis</span> 
     </span>
    </p>
   </div>
   <div class='ocr_carea' id='block_1_10' title="bbox 272 1569 2021 1621">
    <p class='ocr_par' dir='ltr' id='par_1_12' title="bbox 272 1569 2021 1621">
     <span class='ocr_line' id='line_1_29' title="bbox 272 1569 2021 1621; baseline -0.002 -14"><span class='ocrx_word' id='word_1_351' title='bbox 272 1576 345 1608; x_wconf 81' lang='lat' dir='ltr'>a&#39;e&#39;re</span> <span class='ocrx_word' id='word_1_352' title='bbox 364 1573 545 1619; x_wconf 84' lang='lat' dir='ltr'>tranquillo</span> <span class='ocrx_word' id='word_1_353' title='bbox 565 1573 713 1607; x_wconf 87' lang='lat' dir='ltr'>decidere</span> <span class='ocrx_word' id='word_1_354' title='bbox 725 1571 834 1607; x_wconf 83' lang='lat' dir='ltr'>solere.</span> <span class='ocrx_word' id='word_1_355' title='bbox 888 1573 958 1608; x_wconf 76' lang='lat' dir='ltr'>Esse</span> <span class='ocrx_word' id='word_1_356' title='bbox 970 1575 1047 1609; x_wconf 78' lang='lat' dir='ltr'>vero</span> <span class='ocrx_word' id='word_1_357' title='bbox 1062 1573 1196 1608; x_wconf 67' lang='lat' dir='ltr'>nebulas</span> <span class='ocrx_word' id='word_1_358' title='bbox 1212 1574 1422 1621; x_wconf 75' lang='lat' dir='ltr'>hasingeutis</span> <span class='ocrx_word' id='word_1_359' title='bbox 1432 1573 1568 1614; x_wconf 76' lang='lat' dir='ltr'>faemris,</span> <span class='ocrx_word' id='word_1_360' title='bbox 1591 1569 1886 1621; x_wconf 76' lang='lat' dir='ltr'>itaqtiecraffas,ut</span> <span class='ocrx_word' id='word_1_361' title='bbox 1899 1571 1967 1615; x_wconf 84' lang='lat' dir='ltr'>spi·</span> <span class='ocrx_word' id='word_1_362' title='bbox 2018 1574 2021 1583; x_wconf 56' lang='lat'>‘</span> 
     </span>
    </p>
   </div>
   <div class='ocr_carea' id='block_1_11' title="bbox 272 1619 1964 1671">
    <p class='ocr_par' dir='ltr' id='par_1_13' title="bbox 272 1617 2029 1671">
     <span class='ocr_line' id='line_1_30' title="bbox 272 1619 1964 1671; baseline -0.002 -13"><span class='ocrx_word' id='word_1_363' title='bbox 272 1619 565 1658; x_wconf 78' lang='lat' dir='ltr'>tandisacultatem</span> <span class='ocrx_word' id='word_1_364' title='bbox 579 1623 736 1656; x_wconf 86' lang='lat' dir='ltr'>adimant.</span> <span class='ocrx_word' id='word_1_365' title='bbox 777 1623 1001 1669; x_wconf 84' lang='lat' dir='ltr'>Compertum</span> <span class='ocrx_word' id='word_1_366' title='bbox 1013 1625 1109 1656; x_wconf 80' lang='lat' dir='ltr'>etiam</span> <span class='ocrx_word' id='word_1_367' title='bbox 1124 1622 1234 1657; x_wconf 75' lang='lat' dir='ltr'>scribit</span> <span class='ocrx_word' id='word_1_368' title='bbox 1245 1624 1316 1671; x_wconf 81' lang='lat' dir='ltr'>post</span> <span class='ocrx_word' id='word_1_369' title='bbox 1329 1624 1465 1658; x_wconf 82' lang='lat' dir='ltr'>nebulas</span> <span class='ocrx_word' id='word_1_370' title='bbox 1478 1625 1668 1670; x_wconf 82' lang='lat' dir='ltr'>hujusmodi</span> <span class='ocrx_word' id='word_1_371' title='bbox 1686 1619 1834 1657; x_wconf 87' lang='lat' dir='ltr'>vernales</span> <span class='ocrx_word' id='word_1_372' title='bbox 1851 1631 1964 1655; x_wconf 85' lang='lat' dir='ltr'>mures</span> 
     </span>
    </p>
   </div>
   <div class='ocr_carea' id='block_1_12' title="bbox 270 1668 1966 1768">
    <p class='ocr_par' dir='ltr' id='par_1_14' title="bbox 270 1668 1966 1768">
     <span class='ocr_line' id='line_1_31' title="bbox 272 1668 1966 1720; baseline -0.002 -14"><span class='ocrx_word' id='word_1_373' title='bbox 272 1672 352 1719; x_wconf 70' lang='lat' dir='ltr'>saepe</span> <span class='ocrx_word' id='word_1_374' title='bbox 363 1670 459 1717; x_wconf 83' lang='lat' dir='ltr'>super</span> <span class='ocrx_word' id='word_1_375' title='bbox 470 1674 569 1705; x_wconf 87' lang='lat' dir='ltr'>nives</span> <span class='ocrx_word' id='word_1_376' title='bbox 587 1674 622 1705; x_wconf 90' lang='lat' dir='ltr'>in</span> <span class='ocrx_word' id='word_1_377' title='bbox 636 1669 795 1705; x_wconf 79' lang='lat' dir='ltr'>altislimis</span> <span class='ocrx_word' id='word_1_378' title='bbox 808 1674 975 1705; x_wconf 81' lang='lat' dir='ltr'>montium</span> <span class='ocrx_word' id='word_1_379' title='bbox 987 1671 1074 1719; x_wconf 71' lang='lat' dir='ltr'>jugis</span> <span class='ocrx_word' id='word_1_380' title='bbox 1086 1674 1119 1705; x_wconf 90' lang='lat' dir='ltr'>in</span> <span class='ocrx_word' id='word_1_381' title='bbox 1137 1673 1327 1706; x_wconf 80' lang='lat' dir='ltr'>admiranda</span> <span class='ocrx_word' id='word_1_382' title='bbox 1340 1672 1507 1707; x_wconf 81' lang='lat' dir='ltr'>altitutine</span> <span class='ocrx_word' id='word_1_383' title='bbox 1521 1674 1667 1720; x_wconf 86' lang='lat' dir='ltr'>reperiri.</span> <span class='ocrx_word' id='word_1_384' title='bbox 1719 1672 1895 1704; x_wconf 79' lang='lat' dir='ltr'>Coeterum</span> <span class='ocrx_word' id='word_1_385' title='bbox 1908 1668 1966 1704; x_wconf 83' lang='lat' dir='ltr'>etsi</span> 
     </span>
     <span class='ocr_line' id='line_1_32' title="bbox 270 1719 1961 1768; baseline -0.001 -12"><span class='ocrx_word' id='word_1_386' title='bbox 270 1720 466 1756; x_wconf 87' lang='lat' dir='ltr'>Aristoteles</span> <span class='ocrx_word' id='word_1_387' title='bbox 483 1719 739 1764; x_wconf 81' lang='lat' dir='ltr'>inter-nebulam</span> <span class='ocrx_word' id='word_1_388' title='bbox 751 1724 784 1755; x_wconf 71' lang='grc' dir='ltr'>δε</span> <span class='ocrx_word' id='word_1_389' title='bbox 798 1720 974 1768; x_wconf 83' lang='lat' dir='ltr'>caliginem</span> <span class='ocrx_word' id='word_1_390' title='bbox 986 1720 1110 1756; x_wconf 84' lang='lat' dir='ltr'>nullam</span> <span class='ocrx_word' id='word_1_391' title='bbox 1123 1733 1225 1768; x_wconf 85' lang='lat' dir='ltr'>ponat</span> <span class='ocrx_word' id='word_1_392' title='bbox 1237 1721 1460 1756; x_wconf 83' lang='lat' dir='ltr'>differentiam</span> <span class='ocrx_word' id='word_1_393' title='bbox 1476 1746 1486 1763; x_wconf 86' lang='lat'>‚</span> <span class='ocrx_word' id='word_1_394' title='bbox 1513 1733 1549 1757; x_wconf 87' lang='lat' dir='ltr'>ut</span> <span class='ocrx_word' id='word_1_395' title='bbox 1561 1734 1621 1757; x_wconf 88' lang='lat' dir='ltr'>nec</span> <span class='ocrx_word' id='word_1_396' title='bbox 1635 1722 1774 1756; x_wconf 81' lang='lat' dir='ltr'>nornine</span> <span class='ocrx_word' id='word_1_397' title='bbox 1786 1719 1961 1759; x_wconf 87' lang='lat' dir='ltr'>discernat,</span> 
     </span>
    </p>
   </div>
   <div class='ocr_carea' id='block_1_13' title="bbox 256 1763 2035 3241">
    <p class='ocr_par' dir='ltr' id='par_1_15' title="bbox 266 1763 2037 2121">
     <span class='ocr_line' id='line_1_33' title="bbox 267 1763 1967 1824; baseline -0.001 -12"><span class='ocrx_word' id='word_1_398' title='bbox 267 1778 430 1822; x_wconf 79' lang='lat' dir='ltr'>quoniam</span> <span class='ocrx_word' id='word_1_399' title='bbox 449 1772 538 1822; x_wconf 86' lang='lat' dir='ltr'>apud</span> <span class='ocrx_word' id='word_1_400' title='bbox 554 1788 630 1810; x_wconf 84' lang='lat' dir='ltr'>eum</span> <span class='ocrx_word' id='word_1_401' title='bbox 649 1763 813 1823; x_wconf 49' lang='lat' dir='ltr'>‹isusxlijss</span> <span class='ocrx_word' id='word_1_402' title='bbox 830 1779 1020 1812; x_wconf 85' lang='lat' dir='ltr'>communis</span> <span class='ocrx_word' id='word_1_403' title='bbox 1032 1777 1077 1811; x_wconf 84' lang='lat' dir='ltr'>est</span> <span class='ocrx_word' id='word_1_404' title='bbox 1088 1789 1152 1811; x_wconf 87' lang='lat' dir='ltr'>vox</span> <span class='ocrx_word' id='word_1_405' title='bbox 1170 1789 1179 1816; x_wconf 83' lang='lat'><strong>:</strong></span> <span class='ocrx_word' id='word_1_406' title='bbox 1203 1776 1336 1824; x_wconf 81' lang='lat' dir='ltr'>quidam</span> <span class='ocrx_word' id='word_1_407' title='bbox 1347 1788 1455 1811; x_wconf 84' lang='lat' dir='ltr'>tamen</span> <span class='ocrx_word' id='word_1_408' title='bbox 1470 1776 1510 1812; x_wconf 89' lang='lat' dir='ltr'>sic</span> <span class='ocrx_word' id='word_1_409' title='bbox 1521 1776 1748 1813; x_wconf 85' lang='lat' dir='ltr'>discriminant</span> <span class='ocrx_word' id='word_1_410' title='bbox 1759 1800 1769 1816; x_wconf 92' lang='lat'>,</span> <span class='ocrx_word' id='word_1_411' title='bbox 1793 1787 1832 1811; x_wconf 90' lang='lat' dir='ltr'>ut</span> <span class='ocrx_word' id='word_1_412' title='bbox 1844 1774 1967 1810; x_wconf 80' lang='lat' dir='ltr'>nebula</span> 
     </span>
     <span class='ocr_line' id='line_1_34' title="bbox 269 1824 2035 1873; baseline -0.001 -13"><span class='ocrx_word' id='word_1_413' title='bbox 269 1826 308 1860; x_wconf 82' lang='lat' dir='ltr'>sit</span> <span class='ocrx_word' id='word_1_414' title='bbox 319 1836 500 1870; x_wconf 63' lang='lat' dir='ltr'>vapor&#39;non</span> <span class='ocrx_word' id='word_1_415' title='bbox 511 1824 592 1859; x_wconf 75' lang='lat' dir='ltr'>adeo</span> <span class='ocrx_word' id='word_1_416' title='bbox 605 1828 738 1860; x_wconf 67' lang='lat' dir='ltr'>coactus</span> <span class='ocrx_word' id='word_1_417' title='bbox 750 1831 784 1861; x_wconf 69' lang='grc' dir='ltr'>ὅ(</span> <span class='ocrx_word' id='word_1_418' title='bbox 800 1826 952 1861; x_wconf 85' lang='lat' dir='ltr'>densatus</span> <span class='ocrx_word' id='word_1_419' title='bbox 964 1852 977 1873; x_wconf 77' lang='lat'>³.</span> <span class='ocrx_word' id='word_1_420' title='bbox 1002 1825 1055 1860; x_wconf 90' lang='lat' dir='ltr'>sed</span> <span class='ocrx_word' id='word_1_421' title='bbox 1066 1828 1172 1860; x_wconf 88' lang='lat' dir='ltr'>rarior</span> <span class='ocrx_word' id='word_1_422' title='bbox 1184 1829 1218 1860; x_wconf 69' lang='grc' dir='ltr'>δε</span> <span class='ocrx_word' id='word_1_423' title='bbox 1232 1824 1356 1873; x_wconf 74' lang='lat' dir='ltr'>sparsus</span> <span class='ocrx_word' id='word_1_424' title='bbox 1375 1837 1490 1861; x_wconf 86' lang='lat' dir='ltr'>natura</span> <span class='ocrx_word' id='word_1_425' title='bbox 1501 1850 1511 1864; x_wconf 91' lang='lat'>‚</span> <span class='ocrx_word' id='word_1_426' title='bbox 1537 1831 1571 1862; x_wconf 88' lang='lat'>&amp;</span> <span class='ocrx_word' id='word_1_427' title='bbox 1583 1827 1656 1862; x_wconf 83' lang='lat' dir='ltr'>loco</span> <span class='ocrx_word' id='word_1_428' title='bbox 1670 1826 1781 1861; x_wconf 88' lang='lat' dir='ltr'>medio</span> <span class='ocrx_word' id='word_1_429' title='bbox 1794 1829 1881 1860; x_wconf 86' lang='lat' dir='ltr'>inter</span> <span class='ocrx_word' id='word_1_430' title='bbox 1893 1837 1959 1859; x_wconf 57' lang='lat' dir='ltr'>nu„</span> <span class='ocrx_word' id='word_1_431' title='bbox 2021 1866 2035 1870; x_wconf 87' lang='lat'>..</span> 
     </span>
     <span class='ocr_line' id='line_1_35' title="bbox 268 1873 1965 1922; baseline -0.001 -12"><span class='ocrx_word' id='word_1_432' title='bbox 268 1875 343 1910; x_wconf 88' lang='lat' dir='ltr'>bem</span> <span class='ocrx_word' id='word_1_433' title='bbox 363 1878 397 1909; x_wconf 71' lang='grc' dir='ltr'>ὃ(</span> <span class='ocrx_word' id='word_1_434' title='bbox 419 1886 586 1920; x_wconf 84' lang='lat' dir='ltr'>vaporem.</span> <span class='ocrx_word' id='word_1_435' title='bbox 641 1875 764 1921; x_wconf 80' lang='lat' dir='ltr'>&#39;Caligo</span> <span class='ocrx_word' id='word_1_436' title='bbox 783 1875 862 1911; x_wconf 77' lang='lat' dir='ltr'>vero</span> <span class='ocrx_word' id='word_1_437' title='bbox 881 1874 917 1909; x_wconf 80' lang='lat' dir='ltr'>fit</span> <span class='ocrx_word' id='word_1_438' title='bbox 933 1873 1087 1921; x_wconf 82' lang='lat' dir='ltr'>aspiratio</span> <span class='ocrx_word' id='word_1_439' title='bbox 1113 1875 1476 1922; x_wconf 51' lang='lat' dir='ltr'>condensatastdeoque</span> <span class='ocrx_word' id='word_1_440' title='bbox 1497 1876 1581 1910; x_wconf 87' lang='lat' dir='ltr'>hanc</span> <span class='ocrx_word' id='word_1_441' title='bbox 1591 1876 1704 1910; x_wconf 78' lang='lat' dir='ltr'>calidis</span> <span class='ocrx_word' id='word_1_442' title='bbox 1714 1873 1844 1921; x_wconf 74' lang='lat' dir='ltr'>potius,</span> <span class='ocrx_word' id='word_1_443' title='bbox 1863 1873 1965 1920; x_wconf 64' lang='lat' dir='ltr'>quam</span> 
     </span>
     <span class='ocr_line' id='line_1_36' title="bbox 269 1921 1959 1972; baseline -0.001 -14"><span class='ocrx_word' id='word_1_444' title='bbox 269 1923 401 1972; x_wconf 74' lang='lat' dir='ltr'>frigidis</span> <span class='ocrx_word' id='word_1_445' title='bbox 415 1923 856 1961; x_wconf 80' lang='lat' dir='ltr'>fietitemooribuscensenr.</span> <span class='ocrx_word' id='word_1_446' title='bbox 883 1926 911 1958; x_wconf 81' lang='lat' dir='ltr'><strong>A</strong></span> <span class='ocrx_word' id='word_1_447' title='bbox 925 1922 1081 1958; x_wconf 86' lang='lat' dir='ltr'>Nubibus</span> <span class='ocrx_word' id='word_1_448' title='bbox 1090 1923 1170 1958; x_wconf 81' lang='lat' dir='ltr'>vero</span> <span class='ocrx_word' id='word_1_449' title='bbox 1181 1921 1291 1957; x_wconf 83' lang='lat' dir='ltr'>differt</span> <span class='ocrx_word' id='word_1_450' title='bbox 1304 1923 1539 1972; x_wconf 72' lang='lat' dir='ltr'>nebula,quod</span> <span class='ocrx_word' id='word_1_451' title='bbox 1554 1925 1621 1960; x_wconf 78' lang='lat' dir='ltr'>haec</span> <span class='ocrx_word' id='word_1_452' title='bbox 1635 1924 1672 1958; x_wconf 85' lang='lat' dir='ltr'>sir</span> <span class='ocrx_word' id='word_1_453' title='bbox 1693 1935 1785 1958; x_wconf 84' lang='lat' dir='ltr'>terrae</span> <span class='ocrx_word' id='word_1_454' title='bbox 1799 1924 1959 1961; x_wconf 86' lang='lat' dir='ltr'>vicinior,</span> 
     </span>
     <span class='ocr_line' id='line_1_37' title="bbox 266 1971 2030 2021; baseline -0.001 -13"><span class='ocrx_word' id='word_1_455' title='bbox 266 1979 300 2010; x_wconf 88' lang='lat'>&amp;</span> <span class='ocrx_word' id='word_1_456' title='bbox 312 1976 343 2008; x_wconf 81' lang='lat' dir='ltr'>vi</span> <span class='ocrx_word' id='word_1_457' title='bbox 353 1972 486 2020; x_wconf 85' lang='lat' dir='ltr'>frigoris</span> <span class='ocrx_word' id='word_1_458' title='bbox 500 1971 598 2006; x_wconf 70' lang='lat' dir='ltr'>citius</span> <span class='ocrx_word' id='word_1_459' title='bbox 608 1973 792 2008; x_wconf 85' lang='lat' dir='ltr'>concrescat</span> <span class='ocrx_word' id='word_1_460' title='bbox 803 1998 812 2012; x_wconf 89' lang='lat'>,</span> <span class='ocrx_word' id='word_1_461' title='bbox 832 1975 943 2008; x_wconf 79' lang='lat' dir='ltr'>necita</span> <span class='ocrx_word' id='word_1_462' title='bbox 954 1972 998 2007; x_wconf 90' lang='lat' dir='ltr'>ob</span> <span class='ocrx_word' id='word_1_463' title='bbox 1009 1984 1169 2019; x_wconf 84' lang='lat' dir='ltr'>vaporum</span> <span class='ocrx_word' id='word_1_464' title='bbox 1181 1972 1351 2008; x_wconf 69' lang='lat' dir='ltr'>craffitiem</span> <span class='ocrx_word' id='word_1_465' title='bbox 1366 1973 1465 2008; x_wconf 74' lang='lat' dir='ltr'>altius</span> <span class='ocrx_word' id='word_1_466' title='bbox 1484 1973 1607 2008; x_wconf 83' lang='lat' dir='ltr'>coelum</span> <span class='ocrx_word' id='word_1_467' title='bbox 1621 1973 1732 2009; x_wconf 77' lang='lat' dir='ltr'>versus</span> <span class='ocrx_word' id='word_1_468' title='bbox 1745 1973 1839 2008; x_wconf 86' lang='lat' dir='ltr'>evehi</span> <span class='ocrx_word' id='word_1_469' title='bbox 1850 1984 1960 2018; x_wconf 81' lang='lat' dir='ltr'>queat.</span> <span class='ocrx_word' id='word_1_470' title='bbox 2009 1977 2030 2021; x_wconf 46' lang='lat' dir='ltr'>l]</span> 
     </span>
     <span class='ocr_line' id='line_1_38' title="bbox 269 2021 1966 2070; baseline -0.002 -11"><span class='ocrx_word' id='word_1_471' title='bbox 269 2022 530 2059; x_wconf 83' lang='lat' dir='ltr'>Haecsiorientis</span> <span class='ocrx_word' id='word_1_472' title='bbox 543 2022 626 2057; x_wconf 86' lang='lat' dir='ltr'>Solis</span> <span class='ocrx_word' id='word_1_473' title='bbox 645 2023 813 2070; x_wconf 67' lang='lat' dir='ltr'>praesentizi</span> <span class='ocrx_word' id='word_1_474' title='bbox 833 2033 1048 2061; x_wconf 79' lang='lat' dir='ltr'>extenuetur,</span> <span class='ocrx_word' id='word_1_475' title='bbox 1074 2021 1480 2059; x_wconf 77' lang='lat' dir='ltr'>&amp;evanescarsereniratis</span> <span class='ocrx_word' id='word_1_476' title='bbox 1504 2022 1632 2070; x_wconf 76' lang='lat' dir='ltr'>signum</span> <span class='ocrx_word' id='word_1_477' title='bbox 1647 2024 1716 2070; x_wconf 76' lang='lat' dir='ltr'>est3</span> <span class='ocrx_word' id='word_1_478' title='bbox 1744 2022 1766 2056; x_wconf 88' lang='lat' dir='ltr'>si</span> <span class='ocrx_word' id='word_1_479' title='bbox 1785 2021 1966 2056; x_wconf 82' lang='lat' dir='ltr'>confertim</span> 
     </span>
     <span class='ocr_line' id='line_1_39' title="bbox 266 2067 2030 2121; baseline -0.002 -13"><span class='ocrx_word' id='word_1_480' title='bbox 266 2073 427 2111; x_wconf 83' lang='lat' dir='ltr'>ascendat,</span> <span class='ocrx_word' id='word_1_481' title='bbox 440 2076 474 2107; x_wconf 90' lang='lat'>&amp;</span> <span class='ocrx_word' id='word_1_482' title='bbox 484 2072 524 2105; x_wconf 88' lang='lat' dir='ltr'>ad</span> <span class='ocrx_word' id='word_1_483' title='bbox 541 2075 649 2107; x_wconf 65' lang='lat' dir='ltr'>aerem</span> <span class='ocrx_word' id='word_1_484' title='bbox 661 2070 819 2121; x_wconf 84' lang='lat' dir='ltr'>frigidum</span> <span class='ocrx_word' id='word_1_485' title='bbox 833 2073 944 2107; x_wconf 75' lang='lat' dir='ltr'>evecta</span> <span class='ocrx_word' id='word_1_486' title='bbox 958 2084 1021 2106; x_wconf 81' lang='lat' dir='ltr'>una</span> <span class='ocrx_word' id='word_1_487' title='bbox 1031 2084 1105 2106; x_wconf 89' lang='lat' dir='ltr'>cum</span> <span class='ocrx_word' id='word_1_488' title='bbox 1116 2072 1294 2118; x_wconf 83' lang='lat' dir='ltr'>vaporibus</span> <span class='ocrx_word' id='word_1_489' title='bbox 1304 2074 1488 2107; x_wconf 86' lang='lat' dir='ltr'>concrescat</span> <span class='ocrx_word' id='word_1_490' title='bbox 1498 2073 1593 2120; x_wconf 73' lang='lat' dir='ltr'>3saepe</span> <span class='ocrx_word' id='word_1_491' title='bbox 1604 2075 1636 2107; x_wconf 90' lang='lat' dir='ltr'>in</span> <span class='ocrx_word' id='word_1_492' title='bbox 1651 2072 1795 2119; x_wconf 88' lang='lat' dir='ltr'>pluviam</span> <span class='ocrx_word' id='word_1_493' title='bbox 1809 2072 1962 2109; x_wconf 77' lang='lat' dir='ltr'>vertitur.</span> <span class='ocrx_word' id='word_1_494' title='bbox 2010 2067 2030 2116; x_wconf 45' lang='grc' dir='ltr'>*μ’</span> 
     </span>
    </p>

    <p class='ocr_par' dir='ltr' id='par_1_16' title="bbox 265 2119 2029 2464">
     <span class='ocr_line' id='line_1_40' title="bbox 366 2119 1962 2169; baseline 0 -14"><span class='ocrx_word' id='word_1_495' title='bbox 366 2119 547 2155; x_wconf 87' lang='lat' dir='ltr'>Conclusio</span> <span class='ocrx_word' id='word_1_496' title='bbox 557 2125 671 2160; x_wconf 81' lang='lat' dir='ltr'>tertia:</span> <span class='ocrx_word' id='word_1_497' title='bbox 700 2135 765 2157; x_wconf 83' lang='lat' dir='ltr'>tam</span> <span class='ocrx_word' id='word_1_498' title='bbox 778 2121 900 2157; x_wconf 75' lang='lat' dir='ltr'>‘nebula</span> <span class='ocrx_word' id='word_1_499' title='bbox 913 2120 930 2154; x_wconf 84' lang='grc' dir='ltr'>ὲ</span> <span class='ocrx_word' id='word_1_500' title='bbox 940 2121 1020 2155; x_wconf 88' lang='lat' dir='ltr'>locis</span> <span class='ocrx_word' id='word_1_501' title='bbox 1033 2119 1251 2154; x_wconf 85' lang='lat' dir='ltr'>humentibus</span> <span class='ocrx_word' id='word_1_502' title='bbox 1262 2122 1386 2155; x_wconf 83' lang='lat' dir='ltr'>sursum</span> <span class='ocrx_word' id='word_1_503' title='bbox 1394 2120 1568 2155; x_wconf 79' lang='lat' dir='ltr'>ascendens</span> <span class='ocrx_word' id='word_1_504' title='bbox 1579 2122 1677 2169; x_wconf 66' lang='lat' dir='ltr'>quarn</span> <span class='ocrx_word' id='word_1_505' title='bbox 1693 2120 1812 2155; x_wconf 87' lang='lat' dir='ltr'>nebula</span> <span class='ocrx_word' id='word_1_506' title='bbox 1825 2119 1845 2153; x_wconf 78' lang='grc' dir='ltr'>ὲ</span> <span class='ocrx_word' id='word_1_507' title='bbox 1855 2119 1962 2155; x_wconf 75' lang='lat' dir='ltr'>nubi.</span> 
     </span>
     <span class='ocr_line' id='line_1_41' title="bbox 268 2167 2027 2218; baseline 0 -13"><span class='ocrx_word' id='word_1_508' title='bbox 268 2170 328 2205; x_wconf 88' lang='lat' dir='ltr'>bus</span> <span class='ocrx_word' id='word_1_509' title='bbox 340 2170 538 2205; x_wconf 85' lang='lat' dir='ltr'>descendens</span> <span class='ocrx_word' id='word_1_510' title='bbox 550 2171 596 2205; x_wconf 87' lang='lat' dir='ltr'>est</span> <span class='ocrx_word' id='word_1_511' title='bbox 608 2171 696 2206; x_wconf 85' lang='lat' dir='ltr'>nube</span> <span class='ocrx_word' id='word_1_512' title='bbox 705 2172 835 2207; x_wconf 74' lang='lat' dir='ltr'>crassior</span> <span class='ocrx_word' id='word_1_513' title='bbox 849 2169 1038 2206; x_wconf 87' lang='lat' dir='ltr'>&amp;·densi0r.</span> <span class='ocrx_word' id='word_1_514' title='bbox 1089 2172 1191 2205; x_wconf 84' lang='lat' dir='ltr'>Ratio</span> <span class='ocrx_word' id='word_1_515' title='bbox 1204 2171 1267 2208; x_wconf 89' lang='lat' dir='ltr'>est,</span> <span class='ocrx_word' id='word_1_516' title='bbox 1292 2173 1368 2216; x_wconf 84' lang='lat' dir='ltr'>quia</span> <span class='ocrx_word' id='word_1_517' title='bbox 1379 2171 1454 2205; x_wconf 85' lang='lat' dir='ltr'>talis</span> <span class='ocrx_word' id='word_1_518' title='bbox 1464 2170 1583 2205; x_wconf 84' lang='lat' dir='ltr'>nebula</span> <span class='ocrx_word' id='word_1_519' title='bbox 1595 2182 1734 2218; x_wconf 88' lang='lat' dir='ltr'>occupat</span> <span class='ocrx_word' id='word_1_520' title='bbox 1745 2170 1858 2204; x_wconf 91' lang='lat' dir='ltr'>locum</span> <span class='ocrx_word' id='word_1_521' title='bbox 1875 2167 1966 2205; x_wconf 73' lang='lat' dir='ltr'>infra</span> <span class='ocrx_word' id='word_1_522' title='bbox 2015 2175 2027 2214; x_wconf 59' lang='grc' dir='ltr'><strong><em>ζ</em></strong></span> 
     </span>
     <span class='ocr_line' id='line_1_42' title="bbox 267 2217 2019 2268; baseline 0.001 -15"><span class='ocrx_word' id='word_1_523' title='bbox 267 2219 373 2255; x_wconf 83' lang='lat' dir='ltr'>nubes</span> <span class='ocrx_word' id='word_1_524' title='bbox 386 2242 396 2257; x_wconf 92' lang='lat'><em>‚</em></span> <span class='ocrx_word' id='word_1_525' title='bbox 423 2219 664 2266; x_wconf 83' lang='lat' dir='ltr'>consequenter</span> <span class='ocrx_word' id='word_1_526' title='bbox 684 2220 739 2255; x_wconf 86' lang='lat' dir='ltr'>illa</span> <span class='ocrx_word' id='word_1_527' title='bbox 759 2222 892 2268; x_wconf 80' lang='lat' dir='ltr'>gravior</span> <span class='ocrx_word' id='word_1_528' title='bbox 905 2243 915 2257; x_wconf 88' lang='lat'>‚</span> <span class='ocrx_word' id='word_1_529' title='bbox 940 2218 1090 2266; x_wconf 63' lang='lat' dir='ltr'>adeoque</span> <span class='ocrx_word' id='word_1_530' title='bbox 1100 2218 1232 2253; x_wconf 83' lang='lat' dir='ltr'>densior</span> <span class='ocrx_word' id='word_1_531' title='bbox 1249 2231 1324 2253; x_wconf 83' lang='lat' dir='ltr'>nam</span> <span class='ocrx_word' id='word_1_532' title='bbox 1343 2232 1442 2254; x_wconf 88' lang='lat' dir='ltr'>omne</span> <span class='ocrx_word' id='word_1_533' title='bbox 1462 2232 1582 2267; x_wconf 82' lang='lat' dir='ltr'>corpus</span> <span class='ocrx_word' id='word_1_534' title='bbox 1597 2220 1701 2255; x_wconf 85' lang='lat' dir='ltr'>levius</span> <span class='ocrx_word' id='word_1_535' title='bbox 1721 2221 1836 2267; x_wconf 85' lang='lat' dir='ltr'>quaerit</span> <span class='ocrx_word' id='word_1_536' title='bbox 1849 2217 1964 2254; x_wconf 70' lang='lat' dir='ltr'>lorum</span> <span class='ocrx_word' id='word_1_537' title='bbox 2015 2226 2019 2241; x_wconf 74' lang='lat'><em>³</em></span> 
     </span>
     <span class='ocr_line' id='line_1_43' title="bbox 267 2263 2016 2316; baseline -0.001 -13"><span class='ocrx_word' id='word_1_538' title='bbox 267 2269 366 2315; x_wconf 86' lang='lat' dir='ltr'>supra</span> <span class='ocrx_word' id='word_1_539' title='bbox 378 2279 478 2301; x_wconf 89' lang='lat' dir='ltr'>omne</span> <span class='ocrx_word' id='word_1_540' title='bbox 493 2268 545 2307; x_wconf 81' lang='lat' dir='ltr'>id,</span> <span class='ocrx_word' id='word_1_541' title='bbox 568 2269 868 2316; x_wconf 77' lang='lat' dir='ltr'>quoips&#39;umlevitis</span> <span class='ocrx_word' id='word_1_542' title='bbox 879 2269 942 2304; x_wconf 87' lang='lat' dir='ltr'>est:</span> <span class='ocrx_word' id='word_1_543' title='bbox 968 2269 1056 2302; x_wconf 91' lang='lat' dir='ltr'>uude</span> <span class='ocrx_word' id='word_1_544' title='bbox 1076 2269 1151 2303; x_wconf 76' lang='lat' dir='ltr'>cum</span> <span class='ocrx_word' id='word_1_545' title='bbox 1173 2269 1277 2303; x_wconf 87' lang='lat' dir='ltr'>nubes</span> <span class='ocrx_word' id='word_1_546' title='bbox 1295 2268 1387 2313; x_wconf 79' lang='lat' dir='ltr'>supra</span> <span class='ocrx_word' id='word_1_547' title='bbox 1404 2268 1541 2303; x_wconf 81' lang='lat' dir='ltr'>nebulas</span> <span class='ocrx_word' id='word_1_548' title='bbox 1565 2274 1600 2305; x_wconf 86' lang='lat'>&amp;</span> <span class='ocrx_word' id='word_1_549' title='bbox 1616 2268 1745 2304; x_wconf 82' lang='lat' dir='ltr'>nebulae</span> <span class='ocrx_word' id='word_1_550' title='bbox 1762 2267 1963 2303; x_wconf 77' lang='lat' dir='ltr'>infranubes</span> <span class='ocrx_word' id='word_1_551' title='bbox 2014 2263 2016 2267; x_wconf 71' lang='grc'><strong>’</strong></span> 
     </span>
     <span class='ocr_line' id='line_1_44' title="bbox 269 2316 1963 2367; baseline 0 -14"><span class='ocrx_word' id='word_1_552' title='bbox 269 2317 354 2355; x_wconf 87' lang='lat' dir='ltr'>sint,</span> <span class='ocrx_word' id='word_1_553' title='bbox 382 2316 465 2350; x_wconf 80' lang='lat' dir='ltr'>bene</span> <span class='ocrx_word' id='word_1_554' title='bbox 476 2316 637 2364; x_wconf 72' lang='lat' dir='ltr'>sequitur,</span> <span class='ocrx_word' id='word_1_555' title='bbox 666 2318 800 2353; x_wconf 80' lang='lat' dir='ltr'>nebulas</span> <span class='ocrx_word' id='word_1_556' title='bbox 809 2316 1056 2353; x_wconf 78' lang='lat' dir='ltr'>esseneceffario</span> <span class='ocrx_word' id='word_1_557' title='bbox 1065 2320 1230 2364; x_wconf 84' lang='lat' dir='ltr'>graviores</span> <span class='ocrx_word' id='word_1_558' title='bbox 1240 2316 1400 2363; x_wconf 84' lang='lat' dir='ltr'>nubibus,</span> <span class='ocrx_word' id='word_1_559' title='bbox 1411 2317 1805 2367; x_wconf 72' lang='lat' dir='ltr'>consequenterqueipsis</span> <span class='ocrx_word' id='word_1_560' title='bbox 1815 2316 1963 2353; x_wconf 80' lang='lat' dir='ltr'>nubibus</span> 
     </span>
     <span class='ocr_line' id='line_1_45' title="bbox 265 2364 1962 2412; baseline 0 -11"><span class='ocrx_word' id='word_1_561' title='bbox 265 2364 436 2401; x_wconf 82' lang='lat' dir='ltr'>densiores</span> <span class='ocrx_word' id='word_1_562' title='bbox 450 2388 461 2404; x_wconf 93' lang='lat'>,</span> <span class='ocrx_word' id='word_1_563' title='bbox 491 2366 583 2412; x_wconf 87' lang='lat' dir='ltr'>quod</span> <span class='ocrx_word' id='word_1_564' title='bbox 604 2369 746 2402; x_wconf 77' lang='lat' dir='ltr'>maxime</span> <span class='ocrx_word' id='word_1_565' title='bbox 769 2368 808 2402; x_wconf 88' lang='lat' dir='ltr'>de</span> <span class='ocrx_word' id='word_1_566' title='bbox 833 2366 952 2402; x_wconf 83' lang='lat' dir='ltr'>nebula</span> <span class='ocrx_word' id='word_1_567' title='bbox 969 2365 1186 2401; x_wconf 84' lang='lat' dir='ltr'>descendente</span> <span class='ocrx_word' id='word_1_568' title='bbox 1205 2379 1318 2401; x_wconf 88' lang='lat' dir='ltr'>verum</span> <span class='ocrx_word' id='word_1_569' title='bbox 1328 2368 1376 2403; x_wconf 89' lang='lat' dir='ltr'>est</span> <span class='ocrx_word' id='word_1_570' title='bbox 1390 2391 1401 2408; x_wconf 90' lang='lat'>,</span> <span class='ocrx_word' id='word_1_571' title='bbox 1427 2366 1725 2406; x_wconf 71' lang='lat' dir='ltr'>cumconfleturex</span> <span class='ocrx_word' id='word_1_572' title='bbox 1738 2366 1962 2402; x_wconf 61' lang='lat' dir='ltr'>exhalationis</span> 
     </span>
     <span class='ocr_line' id='line_1_46' title="bbox 267 2414 1323 2464; baseline 0 -13"><span class='ocrx_word' id='word_1_573' title='bbox 267 2415 329 2451; x_wconf 88' lang='lat' dir='ltr'>bus</span> <span class='ocrx_word' id='word_1_574' title='bbox 343 2414 432 2449; x_wconf 88' lang='lat' dir='ltr'>siccis</span> <span class='ocrx_word' id='word_1_575' title='bbox 454 2417 487 2449; x_wconf 71' lang='grc' dir='ltr'>δε</span> <span class='ocrx_word' id='word_1_576' title='bbox 500 2417 616 2449; x_wconf 83' lang='lat' dir='ltr'>terreis</span> <span class='ocrx_word' id='word_1_577' title='bbox 626 2440 635 2454; x_wconf 95' lang='lat'><strong>‚</strong></span> <span class='ocrx_word' id='word_1_578' title='bbox 662 2429 733 2463; x_wconf 72' lang='lat' dir='ltr'>quae</span> <span class='ocrx_word' id='word_1_579' title='bbox 747 2417 822 2451; x_wconf 85' lang='lat' dir='ltr'>sunt</span> <span class='ocrx_word' id='word_1_580' title='bbox 831 2420 996 2464; x_wconf 85' lang='lat' dir='ltr'>graviores</span> <span class='ocrx_word' id='word_1_581' title='bbox 1010 2416 1187 2463; x_wconf 86' lang='lat' dir='ltr'>vaporibus</span> <span class='ocrx_word' id='word_1_582' title='bbox 1196 2419 1323 2463; x_wconf 61' lang='lat' dir='ltr'>aqueis.</span> 
     </span>
    </p>

    <p class='ocr_par' dir='ltr' id='par_1_17' title="bbox 265 2463 1964 2710">
     <span class='ocr_line' id='line_1_47' title="bbox 364 2463 1964 2514; baseline 0.002 -18"><span class='ocrx_word' id='word_1_583' title='bbox 364 2466 462 2499; x_wconf 86' lang='lat' dir='ltr'>Dices</span> <span class='ocrx_word' id='word_1_584' title='bbox 483 2474 492 2501; x_wconf 64' lang='grc' dir='ltr'>ξ</span> <span class='ocrx_word' id='word_1_585' title='bbox 519 2463 639 2499; x_wconf 82' lang='lat' dir='ltr'>nebula</span> <span class='ocrx_word' id='word_1_586' title='bbox 654 2467 700 2500; x_wconf 87' lang='lat' dir='ltr'>est</span> <span class='ocrx_word' id='word_1_587' title='bbox 714 2466 910 2512; x_wconf 72' lang='lat' dir='ltr'>minusapta</span> <span class='ocrx_word' id='word_1_588' title='bbox 927 2467 1011 2500; x_wconf 88' lang='lat' dir='ltr'>verti</span> <span class='ocrx_word' id='word_1_589' title='bbox 1021 2468 1055 2500; x_wconf 90' lang='lat' dir='ltr'>in</span> <span class='ocrx_word' id='word_1_590' title='bbox 1066 2465 1210 2512; x_wconf 84' lang='lat' dir='ltr'>pluviam</span> <span class='ocrx_word' id='word_1_591' title='bbox 1221 2489 1231 2503; x_wconf 85' lang='lat'>,</span> <span class='ocrx_word' id='word_1_592' title='bbox 1257 2465 1360 2512; x_wconf 70' lang='lat' dir='ltr'>quzim</span> <span class='ocrx_word' id='word_1_593' title='bbox 1371 2465 1497 2503; x_wconf 85' lang='lat' dir='ltr'>nubes,</span> <span class='ocrx_word' id='word_1_594' title='bbox 1521 2468 1636 2514; x_wconf 79' lang='lat' dir='ltr'>quaein</span> <span class='ocrx_word' id='word_1_595' title='bbox 1648 2465 1796 2511; x_wconf 86' lang='lat' dir='ltr'>pluviam</span> <span class='ocrx_word' id='word_1_596' title='bbox 1808 2467 1964 2512; x_wconf 64' lang='lat' dir='ltr'>vertitur,x</span> 
     </span>
     <span class='ocr_line' id='line_1_48' title="bbox 265 2503 1963 2563; baseline 0 -14"><span class='ocrx_word' id='word_1_597' title='bbox 265 2526 338 2563; x_wconf 86' lang='lat' dir='ltr'>quae</span> <span class='ocrx_word' id='word_1_598' title='bbox 350 2512 428 2548; x_wconf 77' lang='lat' dir='ltr'>vero</span> <span class='ocrx_word' id='word_1_599' title='bbox 438 2513 597 2551; x_wconf 59' lang='lat' dir='ltr'>accedunt</span> <span class='ocrx_word' id='word_1_600' title='bbox 617 2517 720 2563; x_wconf 80' lang='lat' dir='ltr'>magis</span> <span class='ocrx_word' id='word_1_601' title='bbox 741 2517 781 2549; x_wconf 86' lang='lat' dir='ltr'>ad</span> <span class='ocrx_word' id='word_1_602' title='bbox 799 2516 918 2550; x_wconf 79' lang='lat' dir='ltr'>statum</span> <span class='ocrx_word' id='word_1_603' title='bbox 931 2527 1020 2562; x_wconf 58' lang='lat' dir='ltr'>aquae</span> <span class='ocrx_word' id='word_1_604' title='bbox 1038 2515 1184 2550; x_wconf 84' lang='lat' dir='ltr'>craffiora</span> <span class='ocrx_word' id='word_1_605' title='bbox 1197 2519 1231 2550; x_wconf 82' lang='lat'><strong>&amp;</strong></span> <span class='ocrx_word' id='word_1_606' title='bbox 1248 2514 1395 2550; x_wconf 81' lang='lat' dir='ltr'>densiora</span> <span class='ocrx_word' id='word_1_607' title='bbox 1405 2503 1491 2551; x_wconf 49' lang='lat' dir='ltr'>suh.</span> <span class='ocrx_word' id='word_1_608' title='bbox 1504 2528 1598 2562; x_wconf 76' lang='lat' dir='ltr'>ergo,</span> <span class='ocrx_word' id='word_1_609' title='bbox 1650 2516 1850 2562; x_wconf 86' lang='lat' dir='ltr'>Respondeo</span> <span class='ocrx_word' id='word_1_610' title='bbox 1861 2514 1963 2550; x_wconf 86' lang='lat' dir='ltr'>nebu-</span> 
     </span>
     <span class='ocr_line' id='line_1_49' title="bbox 265 2561 1960 2613; baseline -0.001 -15"><span class='ocrx_word' id='word_1_611' title='bbox 265 2565 331 2599; x_wconf 82' lang='lat' dir='ltr'>lam</span> <span class='ocrx_word' id='word_1_612' title='bbox 342 2561 590 2597; x_wconf 84' lang='lat' dir='ltr'>descendentem</span> <span class='ocrx_word' id='word_1_613' title='bbox 609 2562 670 2597; x_wconf 81' lang='lat' dir='ltr'>esse</span> <span class='ocrx_word' id='word_1_614' title='bbox 684 2566 796 2598; x_wconf 74' lang='lat' dir='ltr'>minus</span> <span class='ocrx_word' id='word_1_615' title='bbox 806 2576 915 2610; x_wconf 78' lang='lat' dir='ltr'>aptam</span> <span class='ocrx_word' id='word_1_616' title='bbox 928 2567 1118 2599; x_wconf 86' lang='lat' dir='ltr'>convertiin</span> <span class='ocrx_word' id='word_1_617' title='bbox 1133 2564 1277 2612; x_wconf 85' lang='lat' dir='ltr'>pluviam</span> <span class='ocrx_word' id='word_1_618' title='bbox 1287 2589 1296 2603; x_wconf 86' lang='lat'><em>.</em></span> <span class='ocrx_word' id='word_1_619' title='bbox 1322 2567 1397 2613; x_wconf 88' lang='lat' dir='ltr'>quia</span> <span class='ocrx_word' id='word_1_620' title='bbox 1408 2567 1625 2610; x_wconf 85' lang='lat' dir='ltr'>componitur</span> <span class='ocrx_word' id='word_1_621' title='bbox 1637 2577 1676 2599; x_wconf 87' lang='lat' dir='ltr'>ex</span> <span class='ocrx_word' id='word_1_622' title='bbox 1692 2562 1960 2600; x_wconf 78' lang='lat' dir='ltr'>exhalationibus</span> 
     </span>
     <span class='ocr_line' id='line_1_50' title="bbox 266 2608 1957 2660; baseline -0.001 -12"><span class='ocrx_word' id='word_1_623' title='bbox 266 2614 381 2648; x_wconf 87' lang='lat' dir='ltr'>terreis</span> <span class='ocrx_word' id='word_1_624' title='bbox 398 2623 467 2644; x_wconf 86' lang='lat' dir='ltr'>non</span> <span class='ocrx_word' id='word_1_625' title='bbox 497 2608 729 2647; x_wconf 81' lang='lat' dir='ltr'>resolubilibus</span> <span class='ocrx_word' id='word_1_626' title='bbox 751 2616 785 2647; x_wconf 91' lang='lat' dir='ltr'>in</span> <span class='ocrx_word' id='word_1_627' title='bbox 798 2625 919 2660; x_wconf 84' lang='lat' dir='ltr'>aquam</span> <span class='ocrx_word' id='word_1_628' title='bbox 941 2637 951 2652; x_wconf 92' lang='lat'><em>‚</em></span> <span class='ocrx_word' id='word_1_629' title='bbox 985 2624 1021 2647; x_wconf 89' lang='lat' dir='ltr'>ut</span> <span class='ocrx_word' id='word_1_630' title='bbox 1039 2611 1186 2660; x_wconf 73' lang='lat' dir='ltr'>superius</span> <span class='ocrx_word' id='word_1_631' title='bbox 1204 2616 1364 2652; x_wconf 77' lang='lat' dir='ltr'>diximus:</span> <span class='ocrx_word' id='word_1_632' title='bbox 1390 2613 1509 2648; x_wconf 87' lang='lat' dir='ltr'>nebula</span> <span class='ocrx_word' id='word_1_633' title='bbox 1525 2614 1604 2649; x_wconf 74' lang='lat' dir='ltr'>vero</span> <span class='ocrx_word' id='word_1_634' title='bbox 1616 2610 1794 2650; x_wconf 83' lang='lat' dir='ltr'>ascendens</span> <span class='ocrx_word' id='word_1_635' title='bbox 1810 2615 1957 2649; x_wconf 81' lang='lat' dir='ltr'>etiamin</span> 
     </span>
     <span class='ocr_line' id='line_1_51' title="bbox 268 2658 1570 2710; baseline 0.001 -14"><span class='ocrx_word' id='word_1_636' title='bbox 268 2662 417 2710; x_wconf 82' lang='lat' dir='ltr'>pluviam</span> <span class='ocrx_word' id='word_1_637' title='bbox 430 2658 548 2697; x_wconf 80' lang='lat' dir='ltr'>resolvi</span> <span class='ocrx_word' id='word_1_638' title='bbox 558 2673 627 2695; x_wconf 87' lang='lat' dir='ltr'>non</span> <span class='ocrx_word' id='word_1_639' title='bbox 641 2662 747 2709; x_wconf 85' lang='lat' dir='ltr'>potest</span> <span class='ocrx_word' id='word_1_640' title='bbox 759 2664 884 2696; x_wconf 67' lang='lat' dir='ltr'>ratione</span> <span class='ocrx_word' id='word_1_641' title='bbox 899 2662 963 2696; x_wconf 86' lang='lat' dir='ltr'>loci</span> <span class='ocrx_word' id='word_1_642' title='bbox 975 2686 984 2700; x_wconf 87' lang='lat'>‚</span> <span class='ocrx_word' id='word_1_643' title='bbox 1011 2673 1047 2696; x_wconf 88' lang='lat' dir='ltr'>ut</span> <span class='ocrx_word' id='word_1_644' title='bbox 1061 2666 1179 2710; x_wconf 84' lang='lat' dir='ltr'>pariter</span> <span class='ocrx_word' id='word_1_645' title='bbox 1190 2663 1311 2698; x_wconf 86' lang='lat' dir='ltr'>ibidem</span> <span class='ocrx_word' id='word_1_646' title='bbox 1323 2658 1570 2701; x_wconf 72' lang='lat' dir='ltr'>annotavimus.</span> 
     </span>
    </p>

    <p class='ocr_par' dir='ltr' id='par_1_18' title="bbox 265 2708 1956 2945">
     <span class='ocr_line' id='line_1_52' title="bbox 364 2708 1955 2760; baseline 0 -15"><span class='ocrx_word' id='word_1_647' title='bbox 364 2711 464 2744; x_wconf 68' lang='lat' dir='ltr'>⁴Dices</span> <span class='ocrx_word' id='word_1_648' title='bbox 477 2708 634 2748; x_wconf 66' lang='lat' dir='ltr'>secundo.</span> <span class='ocrx_word' id='word_1_649' title='bbox 687 2710 818 2746; x_wconf 75' lang='lat' dir='ltr'>Nebula</span> <span class='ocrx_word' id='word_1_650' title='bbox 829 2710 923 2746; x_wconf 76' lang='lat' dir='ltr'>facile</span> <span class='ocrx_word' id='word_1_651' title='bbox 935 2711 950 2746; x_wconf 66' lang='lat' dir='ltr'>a</span> <span class='ocrx_word' id='word_1_652' title='bbox 963 2711 1048 2745; x_wconf 85' lang='lat' dir='ltr'>Solis</span> <span class='ocrx_word' id='word_1_653' title='bbox 1065 2714 1157 2747; x_wconf 87' lang='lat' dir='ltr'>radio</span> <span class='ocrx_word' id='word_1_654' title='bbox 1176 2711 1362 2747; x_wconf 70' lang='lat' dir='ltr'>dissolvitur</span> <span class='ocrx_word' id='word_1_655' title='bbox 1386 2725 1455 2746; x_wconf 88' lang='lat' dir='ltr'>non</span> <span class='ocrx_word' id='word_1_656' title='bbox 1469 2715 1512 2747; x_wconf 81' lang='lat' dir='ltr'>ita</span> <span class='ocrx_word' id='word_1_657' title='bbox 1521 2712 1628 2748; x_wconf 85' lang='lat' dir='ltr'>nubes</span> <span class='ocrx_word' id='word_1_658' title='bbox 1644 2722 1656 2757; x_wconf 70' lang='grc' dir='ltr'><strong><em>ς</em></strong></span> <span class='ocrx_word' id='word_1_659' title='bbox 1680 2725 1759 2760; x_wconf 82' lang='lat' dir='ltr'>ergo</span> <span class='ocrx_word' id='word_1_660' title='bbox 1772 2711 1955 2760; x_wconf 79' lang='lat' dir='ltr'>signumesl:</span> 
     </span>
     <span class='ocr_line' id='line_1_53' title="bbox 267 2756 1956 2808; baseline 0.001 -15"><span class='ocrx_word' id='word_1_661' title='bbox 267 2758 421 2794; x_wconf 77' lang='lat' dir='ltr'>nebulam</span> <span class='ocrx_word' id='word_1_662' title='bbox 435 2756 664 2794; x_wconf 79' lang='lat' dir='ltr'>eli&#39;erariorem</span> <span class='ocrx_word' id='word_1_663' title='bbox 681 2784 691 2799; x_wconf 89' lang='lat'>‚</span> <span class='ocrx_word' id='word_1_664' title='bbox 715 2759 837 2794; x_wconf 83' lang='lat' dir='ltr'>nubem</span> <span class='ocrx_word' id='word_1_665' title='bbox 851 2760 1051 2799; x_wconf 79' lang='lat' dir='ltr'>densiorem.</span> <span class='ocrx_word' id='word_1_666' title='bbox 1103 2763 1314 2808; x_wconf 83' lang='lat' dir='ltr'>Respondeo,</span> <span class='ocrx_word' id='word_1_667' title='bbox 1326 2761 1389 2795; x_wconf 90' lang='lat' dir='ltr'>hoc</span> <span class='ocrx_word' id='word_1_668' title='bbox 1407 2761 1477 2797; x_wconf 86' lang='lat' dir='ltr'>fieri</span> <span class='ocrx_word' id='word_1_669' title='bbox 1491 2763 1651 2797; x_wconf 79' lang='lat' dir='ltr'>duntaxat</span> <span class='ocrx_word' id='word_1_670' title='bbox 1669 2761 1892 2798; x_wconf 81' lang='lat' dir='ltr'>rarioneloci‚</span> <span class='ocrx_word' id='word_1_671' title='bbox 1919 2774 1956 2795; x_wconf 84' lang='lat' dir='ltr'>m</span> 
     </span>
     <span class='ocr_line' id='line_1_54' title="bbox 267 2809 1954 2859; baseline 0.001 -17"><span class='ocrx_word' id='word_1_672' title='bbox 267 2809 588 2855; x_wconf 78' lang='lat' dir='ltr'>quoinveniuntut3</span> <span class='ocrx_word' id='word_1_673' title='bbox 615 2822 688 2844; x_wconf 83' lang='lat' dir='ltr'>nam</span> <span class='ocrx_word' id='word_1_674' title='bbox 701 2809 803 2844; x_wconf 86' lang='lat' dir='ltr'>nubes</span> <span class='ocrx_word' id='word_1_675' title='bbox 817 2811 1109 2854; x_wconf 61' lang='lat' dir='ltr'>praernuniuntura</span> <span class='ocrx_word' id='word_1_676' title='bbox 1123 2811 1247 2859; x_wconf 78' lang='lat' dir='ltr'>frigore</span> <span class='ocrx_word' id='word_1_677' title='bbox 1260 2811 1320 2845; x_wconf 84' lang='lat' dir='ltr'>suae</span> <span class='ocrx_word' id='word_1_678' title='bbox 1339 2813 1503 2859; x_wconf 83' lang='lat' dir='ltr'>regionis,</span> <span class='ocrx_word' id='word_1_679' title='bbox 1527 2815 1562 2846; x_wconf 87' lang='lat'>&amp;</span> <span class='ocrx_word' id='word_1_680' title='bbox 1578 2815 1700 2847; x_wconf 86' lang='lat' dir='ltr'>nonita</span> <span class='ocrx_word' id='word_1_681' title='bbox 1715 2810 1859 2849; x_wconf 78' lang='lat' dir='ltr'>nebulae‚</span> <span class='ocrx_word' id='word_1_682' title='bbox 1880 2822 1954 2857; x_wconf 67' lang='lat' dir='ltr'>quat</span> 
     </span>
     <span class='ocr_line' id='line_1_55' title="bbox 265 2855 1953 2911; baseline 0.003 -21"><span class='ocrx_word' id='word_1_683' title='bbox 265 2856 389 2902; x_wconf 82' lang='lat' dir='ltr'>absque</span> <span class='ocrx_word' id='word_1_684' title='bbox 407 2855 472 2890; x_wconf 87' lang='lat' dir='ltr'>ulla</span> <span class='ocrx_word' id='word_1_685' title='bbox 485 2882 495 2896; x_wconf 89' lang='lat'>,</span> <span class='ocrx_word' id='word_1_686' title='bbox 521 2857 572 2891; x_wconf 89' lang='lat' dir='ltr'>vel</span> <span class='ocrx_word' id='word_1_687' title='bbox 584 2858 695 2893; x_wconf 84' lang='lat' dir='ltr'>saltem</span> <span class='ocrx_word' id='word_1_688' title='bbox 709 2858 1012 2894; x_wconf 79' lang='lat' dir='ltr'>minotitefistemia</span> <span class='ocrx_word' id='word_1_689' title='bbox 1026 2859 1161 2909; x_wconf 78' lang='lat' dir='ltr'>frigoris</span> <span class='ocrx_word' id='word_1_690' title='bbox 1173 2859 1265 2895; x_wconf 86' lang='lat' dir='ltr'>solari</span> <span class='ocrx_word' id='word_1_691' title='bbox 1274 2861 1366 2895; x_wconf 88' lang='lat' dir='ltr'>radio</span> <span class='ocrx_word' id='word_1_692' title='bbox 1377 2872 1502 2907; x_wconf 85' lang='lat' dir='ltr'>patent,</span> <span class='ocrx_word' id='word_1_693' title='bbox 1527 2862 1668 2911; x_wconf 87' lang='lat' dir='ltr'>ideoque</span> <span class='ocrx_word' id='word_1_694' title='bbox 1681 2862 1727 2895; x_wconf 84' lang='lat' dir='ltr'>hae</span> <span class='ocrx_word' id='word_1_695' title='bbox 1735 2858 1879 2898; x_wconf 70' lang='lat' dir='ltr'>facilius,</span> <span class='ocrx_word' id='word_1_696' title='bbox 1889 2860 1953 2895; x_wconf 74' lang='lat' dir='ltr'>illae</span> 
     </span>
     <span class='ocr_line' id='line_1_56' title="bbox 267 2904 725 2945; baseline 0.004 -4"><span class='ocrx_word' id='word_1_697' title='bbox 267 2904 725 2945; x_wconf 74' lang='lat' dir='ltr'>verodifficiliussolvuntur.</span> 
     </span>
    </p>

    <p class='ocr_par' dir='ltr' id='par_1_19' title="bbox 256 2955 1958 3201">
     <span class='ocr_line' id='line_1_57' title="bbox 361 2955 1958 3007; baseline 0.004 -19"><span class='ocrx_word' id='word_1_698' title='bbox 361 2956 457 2988; x_wconf 85' lang='lat' dir='ltr'>Dices</span> <span class='ocrx_word' id='word_1_699' title='bbox 467 2955 564 2989; x_wconf 72' lang='lat' dir='ltr'>terrio</span> <span class='ocrx_word' id='word_1_700' title='bbox 579 2967 588 2995; x_wconf 87' lang='lat'><strong>:</strong></span> <span class='ocrx_word' id='word_1_701' title='bbox 614 2957 719 2992; x_wconf 88' lang='lat' dir='ltr'>nubes</span> <span class='ocrx_word' id='word_1_702' title='bbox 729 2956 774 2991; x_wconf 87' lang='lat' dir='ltr'>cst</span> <span class='ocrx_word' id='word_1_703' title='bbox 787 2958 820 2989; x_wconf 91' lang='lat' dir='ltr'>in</span> <span class='ocrx_word' id='word_1_704' title='bbox 834 2955 909 2990; x_wconf 89' lang='lat' dir='ltr'>Ioco</span> <span class='ocrx_word' id='word_1_705' title='bbox 919 2955 1105 3004; x_wconf 81' lang='lat' dir='ltr'>frigidiori,</span> <span class='ocrx_word' id='word_1_706' title='bbox 1134 2971 1213 3007; x_wconf 87' lang='lat' dir='ltr'>ergo</span> <span class='ocrx_word' id='word_1_707' title='bbox 1225 2956 1404 2993; x_wconf 75' lang='lat' dir='ltr'>necessario</span> <span class='ocrx_word' id='word_1_708' title='bbox 1417 2957 1513 2993; x_wconf 88' lang='lat' dir='ltr'>debet</span> <span class='ocrx_word' id='word_1_709' title='bbox 1531 2961 1637 3007; x_wconf 78' lang='lat' dir='ltr'>tnagis</span> <span class='ocrx_word' id='word_1_710' title='bbox 1648 2958 1958 3003; x_wconf 80' lang='lat' dir='ltr'>constipari&amp;con-·</span> 
     </span>
     <span class='ocr_line' id='line_1_58' title="bbox 265 3002 1957 3055; baseline 0.002 -17"><span class='ocrx_word' id='word_1_711' title='bbox 265 3002 415 3051; x_wconf 80' lang='lat' dir='ltr'>densari,</span> <span class='ocrx_word' id='word_1_712' title='bbox 449 3003 548 3048; x_wconf 59' lang='lat' dir='ltr'>quim</span> <span class='ocrx_word' id='word_1_713' title='bbox 566 3006 705 3045; x_wconf 87' lang='lat' dir='ltr'>nebula,</span> <span class='ocrx_word' id='word_1_714' title='bbox 744 3005 853 3052; x_wconf 75' lang='lat' dir='ltr'>sict&#39;lue</span> <span class='ocrx_word' id='word_1_715' title='bbox 865 3005 1125 3053; x_wconf 69' lang='lat' dir='ltr'>estdensioripsai</span> <span class='ocrx_word' id='word_1_716' title='bbox 1137 3007 1269 3045; x_wconf 68' lang='lat' dir='ltr'>nebulii.</span> <span class='ocrx_word' id='word_1_717' title='bbox 1318 3006 1539 3055; x_wconf 88' lang='lat' dir='ltr'>Respondeo,</span> <span class='ocrx_word' id='word_1_718' title='bbox 1564 3007 1750 3043; x_wconf 74' lang='lat' dir='ltr'>nubeslicet</span> <span class='ocrx_word' id='word_1_719' title='bbox 1767 3007 1957 3042; x_wconf 80' lang='lat' dir='ltr'>sintinloco</span> 
     </span>
     <span class='ocr_line' id='line_1_59' title="bbox 266 3051 1954 3105; baseline 0.004 -18"><span class='ocrx_word' id='word_1_720' title='bbox 266 3051 453 3101; x_wconf 84' lang='lat' dir='ltr'>frigidiori,</span> <span class='ocrx_word' id='word_1_721' title='bbox 482 3063 551 3086; x_wconf 89' lang='lat' dir='ltr'>non</span> <span class='ocrx_word' id='word_1_722' title='bbox 573 3056 651 3090; x_wconf 70' lang='lat' dir='ltr'>ideo</span> <span class='ocrx_word' id='word_1_723' title='bbox 672 3055 763 3103; x_wconf 66' lang='lat' dir='ltr'>acque*</span> <span class='ocrx_word' id='word_1_724' title='bbox 776 3067 811 3089; x_wconf 91' lang='lat' dir='ltr'>ac</span> <span class='ocrx_word' id='word_1_725' title='bbox 827 3054 963 3089; x_wconf 79' lang='lat' dir='ltr'>nebulas</span> <span class='ocrx_word' id='word_1_726' title='bbox 974 3057 1185 3097; x_wconf 81' lang='lat' dir='ltr'>condensari,</span> <span class='ocrx_word' id='word_1_727' title='bbox 1213 3069 1282 3092; x_wconf 85' lang='lat' dir='ltr'>tum</span> <span class='ocrx_word' id='word_1_728' title='bbox 1296 3060 1380 3104; x_wconf 84' lang='lat' dir='ltr'>quia</span> <span class='ocrx_word' id='word_1_729' title='bbox 1403 3057 1550 3105; x_wconf 83' lang='lat' dir='ltr'>partibus</span> <span class='ocrx_word' id='word_1_730' title='bbox 1563 3062 1597 3093; x_wconf 87' lang='lat'>&amp;</span> <span class='ocrx_word' id='word_1_731' title='bbox 1616 3055 1783 3102; x_wconf 79' lang='lat' dir='ltr'>spiritibus</span> <span class='ocrx_word' id='word_1_732' title='bbox 1800 3058 1954 3092; x_wconf 87' lang='lat' dir='ltr'>constant</span> 
     </span>
     <span class='ocr_line' id='line_1_60' title="bbox 267 3098 1956 3153; baseline 0.003 -17"><span class='ocrx_word' id='word_1_733' title='bbox 267 3098 496 3137; x_wconf 83' lang='lat' dir='ltr'>subtilioribus</span> <span class='ocrx_word' id='word_1_734' title='bbox 509 3109 521 3147; x_wconf 75' lang='lat'><em>3</em></span> <span class='ocrx_word' id='word_1_735' title='bbox 549 3113 619 3138; x_wconf 85' lang='lat' dir='ltr'>turn</span> <span class='ocrx_word' id='word_1_736' title='bbox 636 3109 714 3152; x_wconf 88' lang='lat' dir='ltr'>quia</span> <span class='ocrx_word' id='word_1_737' title='bbox 727 3104 905 3152; x_wconf 79' lang='lat' dir='ltr'>aliquando</span> <span class='ocrx_word' id='word_1_738' title='bbox 919 3104 1117 3142; x_wconf 73' lang='lat' dir='ltr'>adsuntaliae</span> <span class='ocrx_word' id='word_1_739' title='bbox 1129 3107 1227 3144; x_wconf 82' lang='lat' dir='ltr'>causae</span> <span class='ocrx_word' id='word_1_740' title='bbox 1240 3106 1429 3142; x_wconf 84' lang='lat' dir='ltr'>&amp;influxus</span> <span class='ocrx_word' id='word_1_741' title='bbox 1437 3107 1579 3143; x_wconf 80' lang='lat' dir='ltr'>siderum</span> <span class='ocrx_word' id='word_1_742' title='bbox 1599 3105 1682 3141; x_wconf 84' lang='lat' dir='ltr'>illud</span> <span class='ocrx_word' id='word_1_743' title='bbox 1711 3107 1817 3153; x_wconf 73' lang='lat' dir='ltr'>frigus</span> <span class='ocrx_word' id='word_1_744' title='bbox 1834 3119 1956 3142; x_wconf 87' lang='lat' dir='ltr'>tenen-</span> 
     </span>
     <span class='ocr_line' id='line_1_61' title="bbox 256 3148 1023 3201; baseline 0.004 -16"><span class='ocrx_word' id='word_1_745' title='bbox 256 3162 309 3187; x_wconf 77' lang='lat' dir='ltr'>tes</span> <span class='ocrx_word' id='word_1_746' title='bbox 319 3174 330 3191; x_wconf 89' lang='lat'><em>‚</em></span> <span class='ocrx_word' id='word_1_747' title='bbox 356 3155 390 3188; x_wconf 86' lang='lat'>&amp;</span> <span class='ocrx_word' id='word_1_748' title='bbox 401 3148 607 3188; x_wconf 83' lang='lat' dir='ltr'>moderantes</span> <span class='ocrx_word' id='word_1_749' title='bbox 619 3179 630 3198; x_wconf 89' lang='lat'>,</span> <span class='ocrx_word' id='word_1_750' title='bbox 661 3167 702 3190; x_wconf 89' lang='lat' dir='ltr'>ne</span> <span class='ocrx_word' id='word_1_751' title='bbox 716 3154 823 3201; x_wconf 78' lang='lat' dir='ltr'>magis</span> <span class='ocrx_word' id='word_1_752' title='bbox 836 3153 1023 3193; x_wconf 81' lang='lat' dir='ltr'>densentur.</span> 
     </span>
    </p>

    <p class='ocr_par' dir='ltr' id='par_1_20' title="bbox 1858 3206 1953 3241">
     <span class='ocr_line' id='line_1_62' title="bbox 1858 3206 1953 3241; baseline 0 -1"><span class='ocrx_word' id='word_1_753' title='bbox 1858 3206 1953 3241; x_wconf 78' lang='lat' dir='ltr'>Con-</span> 
     </span>
    </p>
   </div>
   <div class='ocr_carea' id='block_1_14' title="bbox 1993 0 2060 3444">
    <p class='ocr_par' dir='ltr' id='par_1_21' title="bbox 1993 0 2060 3444">
     <span class='ocr_line' id='line_1_63' title="bbox 1993 0 2060 3444; baseline 0 0"><span class='ocrx_word' id='word_1_754' title='bbox 1993 0 2060 3444; x_wconf 95' lang='lat' dir='ltr'> </span> 
     </span>
    </p>
   </div>
  </div>
 </body>
</html>
