2060 3444
284 120 374 196 138
440 179 443 183 ,
894 109 1268 183 Meteorologia

290 209 389 253 Quin
399 194 542 243 infantes
553 199 683 251 aliqiiot
701 198 915 246 Antherpiam
925 195 1050 244 appulsi
1060 198 1093 231 in
1106 192 1235 229 fiscellis
1250 192 1315 229 suis
1323 185 1388 230 five
1400 189 1494 229 cunis
1509 192 1521 229 3
1545 202 1581 225 ac
1600 183 1751 240 pleriilue
1768 183 1905 226 illorum
1918 177 1961 222 ab

289 259 387 305 aquis
400 255 521 305 sumpti
539 263 661 287 nomen
682 251 812 297 Moy‘les
831 257 1039 284 metuerunt,
1066 244 1190 291 diuque
1208 243 1474 290 supervixerunt,
1496 251 1555 275 ceu
1568 244 1714 288 reiiquiat
1736 243 1959 277 denariorum

286 318 460 358 pagorum,
510 302 607 338 Plura
619 298 737 334 fimilia
746 297 859 347 paffim
870 298 905 331 in
915 294 1119 331 Authoribus
1131 295 1291 331 invenies.

386 389 725 429 Conclufiosecunda.
774 382 941 423 Diversa,
964 396 1001 427 ac
1020 379 1216 432 prodigiosae
1227 381 1346 429 pluvia:
1364 379 1544 428 aliquando
1554 389 1756 417 evenerunt,
1780 380 1961 415 &evenire

290 442 443 493 poffunr,
467 440 575 489 qualis
587 439 633 474 est
645 438 842 486 sanguinea,
867 435 970 469 lactea
981 458 991 475 ,
1003 445 1138 472 carnea,
1168 431 1279 472 lanea.
1305 430 1432 468 ferrea,
1449 429 1609 467 lateritia,
1633 427 1813 469 &ssmiles,
1830 429 1870 462 de
1881 429 1962 475 qui-

291 494 352 528 bus
370 493 476 528 videri
499 489 606 538 potest
631 487 837 524 Fromundus
856 482 916 521 lib,
933 496 964 529 5.
976 495 1049 530 cap,
1064 484 1097 518 6.
1116 482 1178 517 ειᾶ.
1191 493 1226 525 3.
1253 479 1368 516 Pluvia
1380 479 1554 526 sanguinea
1569 479 1709 517 dicitur,
1734 477 1866 525 quando
1875 487 1961 524 aqua

285 542 439 577 decidens
448 539 546 575 rubra
557 537 603 573 est
613 548 626 584 3
651 536 694 573 fic
703 540 819 573 Romae
828 535 911 583 pluit
920 543 958 568 ut
966 532 1098 568 testatur
1108 532 1175 565 Dio
1182 540 1258 564 ante
1268 541 1381 564 necem
1392 530 1548 567 Neronis.
1598 526 1793 563 Plutarchus
1803 528 1898 560 etiam
1909 537 1961 560 te-

291 589 374 633 fert,
383 587 670 637 postGymbricam
682 587 806 622 cladem
815 584 1024 631 {anguineam
1032 583 1071 616 de
1085 579 1170 615 coelo
1181 579 1327 626 pluviam
1337 577 1495 617 cecidiffe.
1546 578 1703 613 Similiter
1716 586 1808 610 anno
1821 576 1890 620 post
1901 586 1960 609 ut·

288 639 365 675 bem
374 642 561 677 Romanam
572 639 740 673 conditam
753 636 836 672 626.
851 636 886 667 in
894 632 1088 679 opidoCaere
1105 629 1120 664 f
1123 642 1160 663 an
1165 631 1265 676 guine
1272 626 1367 676 pluit.
1416 629 1554 662 Secutus
1570 638 1710 662 eventus
1718 622 1874 660 terribilis
1883 626 1962 658 Pto-

290 690 427 725 lomaeus
441 691 531 724 enim
540 691 714 735 Evetgetes
733 684 777 719 ob
787 685 925 718 nimiam
935 679 1143 728 tyrannidem
1158 689 1265 725 regno
1275 677 1449 725 pulsus,cui
1462 678 1497 711 in
1507 688 1645 724 regnum
1655 675 1744 711 soror
1757 677 1791 709 &
1802 684 1885 707 uxot
1893 676 1963 718 ejus

287 739 468 787 Cleopatra
478 762 489 777 ‚
507 738 606 786 quim
619 738 708 783 prius
717 731 905 780 repudiarat
918 755 927 771 ,
951 729 1136 776 subrogata.
1185 727 1246 761 Ille
1257 728 1372 762 exinde
1384 725 1430 761 ita
1440 725 1677 761 excandescens
1687 748 1698 764 ,
1724 723 1844 761 filium,
1864 734 1964 770 quem

287 801 331 824 ex
340 788 518 836 Cleopatra
527 796 701 835 genuerat,
710 784 878 820 mactavit,
893 793 928 815 ac
936 781 1031 814 matti
1041 780 1177 824 chinae
1187 787 1284 823 caput
1292 775 1364 811 ense
1374 775 1549 810 crudeliter
1558 774 1720 809 reseo'tum
1729 797 1740 813 ‚
1758 783 1874 807 manus
1884 783 1969 818 quo-

289 842 399 885 que&
411 837 507 885 pedes
520 833 666 884 praecisos
677 833 886 869 transmittit.
916 831 1005 865 Dum
1015 828 1133 862 Sueciae
1150 838 1288 874 regnum
1305 824 1453 861 obtinuit
1461 827 1614 872 Birgerus
1627 825 1744 870 Magni
1758 821 1861 870 prope
1871 822 1968 868 ang.

283 887 483 935 staholmium
494 897 594 934 guttae
615 885 734 931 pariter
754 884 938 928 languineae
955 891 994 914 ex
1008 876 1151 912 nubibus
1171 873 1316 910 cecidisle
1328 885 1568 911 memorantur,
1617 874 1730 908 Paucis
1745 869 1865 906 dehinc
1873 871 1968 904 annis

292 940 369 974 Rex
383 939 532 984 Birgerus
541 936 624 968 duos
637 931 735 966 frates
745 931 817 965 suos
825 929 1074 967 VValdemetum
1083 953 1096 974 ‚
1121 929 1154 960 ἃς
1169 926 1298 960 Ericum
1315 926 1485 960 teterrimo
1495 921 1628 957 inclufit
1635 924 1754 956 carceri
1765 944 1775 959 ,
1801 931 1902 966 atque
1915 918 1967 954 fa-

290 999 345 1022 me
363 990 398 1021 &
419 985 532 1020 faetore
548 995 605 1018 eos
620 982 800 1017 interemit.
842 979 946 1021 cujus
959 975 1142 1023 tyrannidis
1161 977 1368 1022 impatientes
1383 971 1716 1008 thbdizitebelhirunt
1733 969 1970 1017 atquethrono

292 1048 369 1072 eum
381 1038 417 1071 &
439 1046 544 1082 regno
559 1041 735 1068 exuerunt,
752 1027 924 1063 Scheferus
939 1034 1100 1060 memorat
1115 1025 1202 1058 Suet.
1217 1035 1287 1061 σα.
1327 1025 1364 1057 In
1378 1024 1490 1058 Suevia
1500 1033 1589 1056 anno
1613 1031 1626 1058 1
1637 1032 1717 1068 534.
1732 1019 1843 1054 similis
1855 1017 1969 1065 pluvit

289 1085 393 1122 vestes
403 1084 552 1119 crucibus
562 1080 670 1116 rubris
678 1075 918 1125 tingebat,ficut
929 1079 963 1110 &
973 1087 1062 1109 anno
1077 1087 1090 1111 ι
1099 1078 1144 1111 60
1152 1085 1162 1108 t
1170 1098 1178 1106 .
1190 1075 1224 1107 in
1237 1071 1350 1121 Belgio
1358 1072 1507 1107 crucibns
1520 1071 1628 1107 rubris
1639 1071 1736 1117 pluit,
1753 1072 1789 1104 in
1800 1067 1903 1105 vestes·
1910 1068 1973 1102 eti-

291 1147 345 1170 am
355 1134 441 1169 cistis
452 1130 609 1168 inclusas,
632 1133 702 1163 imo
713 1127 780 1161 illis
791 1128 887 1161 etiam
901 1136 1038 1172 corpora
1048 1125 1225 1158 hominum
1241 1121 1453 1170 signabantur
1464 1146 1475 1161 ,
1501 1120 1700 1167 duravitqtie
1711 1119 1897 1165 prodigium
1913 1129 1972 1151 an-

294 1197 342 1220 no
357 1186 500 1229 integro.
558 1176 747 1213 Noviffime
767 1177 868 1209 etiam
894 1186 984 1208 anno
1008 1176 1110 1216 1691.
1126 1173 1178 1206 die
1196 1183 1254 1216 29·
1270 1170 1464 1206 Decembris
1481 1169 1701 1217 vet‘perihaud
1715 1165 1879 1214 proculab
1891 1164 1972 1201 urbe

290 1229 471 1269 Lubecensi
486 1228 526 1263 ad
536 1228 647 1263 locum
658 1225 735 1260 alias
745 1233 830 1268 §um
840 1222 1050 1263 Ὁοτωετά*
1059 1222 1182 1255 dictum
1194 1221 1349 1268 languine
1360 1219 1455 1267 pluit,
1478 1221 1537 1268 qui
1546 1219 1563 1254 a
1572 1216 1863 1254 Reinseldenfibus
1878 1217 1974 1254 inco·

290 1283 333 1318 lis
343 1305 354 1320 ,
380 1281 473 1327 supra
483 1277 620 1326 glaciem
639 1279 672 1311 δε
684 1277 793 1308 nivem
802 1276 959 1322 guttatim
969 1270 1129 1317 disperius
1141 1269 1207 1305 suit
1215 1267 1586 1318 oblervatus,aliquibus
1595 1280 1708 1304 autem
1725 1269 1761 1301 in
1771 1266 1974 1313 lociscopiOq

288 1330 322 1367 se
333 1330 500 1379 projetstus
510 1325 623 1362 ulnam
632 1324 810 1359 latitudine
821 1321 1010 1370 complexus
1024 1321 1083 1360 est.

392 1420 507 1455 Pluvia
516 1417 619 1452 lactea
627 1415 693 1450 fuit
708 1438 718 1456 ,
740 1426 778 1449 ut
788 1423 947 1447 memorat
957 1413 1067 1446 Livius
1077 1409 1198 1446 Dccad.
1217 1419 1248 1454 3.
1260 1407 1318 1446 lib.
1332 1419 1361 1452 7.
1371 1412 1405 1444 δε
1416 1409 1470 1444 alii
1480 1408 1637 1444 Historici
1648 1418 1739 1442 anno
1747 1405 1787 1441 ab
1803 1405 1884 1441 urbe
1893 1404 1976 1440 conz

295 1472 364 1507 dita
376 1468 481 1505 tribus
490 1467 606 1502 diebus
619 1468 736 1501 Romae
753 1461 947 1497 consulibus
959 1459 1053 1497 Publ.
1065 1462 1216 1506 Scipione
1234 1461 1268 1493 δε
1288 1457 1310 1492 l.
1321 1457 1530 1504 Calphutnio
1544 1456 1690 1491 secutum
1701 1455 1766 1491 fuit
1777 1455 1976 1490 bellumzu-

290 1519 500 1568 gusthinunn
549 1512 717 1551 Carnibus
734 1512 819 1561 pluit
833 1513 869 1546 in
888 1512 1016 1558 Liguria
1030 1507 1228 1544 (ubCallillo
1244 1509 1353 1548 tetti0‚
1378 1511 1412 1543 δε
1425 1507 1502 1542 alias
1526 1506 1657 1552 saepitls,
1682 1505 1825 1542 utrefert
1837 1504 1975 1542 Plinius.

292 1573 417 1608 Ranas‚
427 1577 549 1605 mures,
570 1564 726 1599 colubros
735 1587 745 1603 ‚
770 1561 893 1605 pulices
903 1584 912 1600 ‚
937 1559 1075 1594 locustas
1086 1563 1120 1594 δε
1131 1557 1193 1592 alia
1205 1557 1237 1591 id
1248 1559 1377 1606 generis
1386 1556 1497 1604 pluere
1508 1558 1624 1591 tritum
1637 1556 1695 1594 est.
1756 1555 1976 1600 InJVelanniis

294 1617 428 1656 tantum
447 1626 618 1651 erucarum
639 1613 704 1648 una
716 1612 816 1646 noete
825 1610 945 1644 decidi:
962 1609 1001 1642 de
1015 1608 1119 1646 coelo‚
1148 1606 1429 1654 quemadmodum
1452 1605 1648 1653 Dalecamp.
1663 1606 1702 1639 ad
1713 1603 1772 1643 lib,
1786 1615 1818 1643 2.
1836 1603 1934 1641 Plinii
1944 1614 1974 1638 c.

297 1671 355 1717 56.
366 1666 538 1705 meminit,
561 1675 598 1698 ut
613 1674 665 1697 eas
677 1663 712 1695 in
723 1661 839 1694 domos
850 1668 1015 1703 reptantes
1030 1656 1133 1691 biduo
1146 1666 1218 1690 toto
1230 1653 1363 1690 accensa
1380 1655 1470 1702 palea
1482 1668 1575 1691 urere
1591 1653 1756 1690 necessum
1768 1654 1869 1689 fuerit
1884 1677 1895 1693 ‚
1918 1654 1975 1688 vix

292 1717 377 1753 adid
392 1713 571 1751 sufficiente
580 1712 756 1746 hominum
769 1706 1010 1754 mulierumque
1022 1705 1129 1740 turba.
1176 1704 1484 1750 JoannNVillanius
1495 1716 1616 1745 narrat,
1627 1702 1686 1739 sub
1696 1706 1899 1751 Imperatore
1907 1703 1978 1737 Ca.

294 1767 371 1803 rolo
381 1767 480 1813 1348.
495 1765 531 1796 in
541 1762 699 1808 superiori
713 1757 785 1793 Afia
801 1769 836 1791 ac
846 1768 948 1803 regno
961 1754 1088 1801 Cathay
1103 1757 1272 1802 ingentem
1281 1756 1410 1801 copiam
1427 1757 1588 1789 vermium
1600 1777 1612 1793 ‚
1634 1758 1669 1789 &
1681 1756 1889 1788 minutorum
1911 1751 1981 1786 set·

295 1825 436 1865 pentum
448 1824 489 1847 ex
503 1814 577 1844 ae're
592 1806 739 1843 cecidisse
752 1830 763 1845 ‚
794 1808 853 1852 qui
864 1804 979 1838 faetote
999 1805 1057 1838 luo
1068 1814 1170 1838 totam
1191 1814 1310 1837 tetram
1327 1803 1416 1838 illam
1438 1803 1648 1848 infeceruntg
1675 1803 1762 1838 unde
1774 1806 1871 1837 etiarn
1883 1800 1979 1848 pestis

295 1875 391 1901 enata
407 1886 417 1902 ‚
442 1873 513 1909 quae
524 1857 633 1905 primo
646 1856 753 1890 Asiam
765 1880 776 1895 ,
803 1854 921 1888 deinde
934 1855 1131 1898 AEgyptum,
1161 1851 1305 1886 Africam
1317 1881 1330 1899 ‚
1357 1854 1516 1886 Graeciam
1533 1875 1545 1891 ,
1571 1851 1698 1887 Italiam
1710 1853 1841 1885 tandem
1852 1855 1886 1885 &
1899 1849 1979 1885 Gal-

293 1916 395 1952 liam,
423 1910 619 1956 Hilpaniam
632 1930 642 1945 ,
672 1909 705 1940 &
720 1902 875 1951 Angliam
888 1929 898 1945 ‚
926 1901 1046 1935 ultimo
1061 1901 1182 1946 vero&
1200 1903 1411 1936 Germaniam
1432 1899 1801 1936 invadenslameutabili
1813 1901 1916 1948 strage
1929 1901 1982 1933 in·

292 1974 426 2014 gentem
446 1959 625 1994 hominum
643 1954 896 1989 multitudinem
914 1949 1069 1997 abripuit.
1121 1952 1286 1984 Memorat
1303 1950 1599 1996 etian1Jonst0nus
1619 1952 1706 1985 int-:r
1715 1950 1926 1987 admiranda,
1950 1945 1983 1982 se

295 2011 602 2055 certocompertum
615 2000 927 2049 habere,aliquando
941 1998 1072 2045 copiose
1085 1998 1228 2033 Piscibus
1241 1997 1355 2045 pluisse
1372 2012 1439 2033 non
1455 1998 1836 2048 proculaRegiomontein
1848 1996 1983 2036 Pruffia,

292 2064 340 2098 ita
351 2072 389 2096 ut
405 2063 464 2094 viae
473 2067 608 2105 quoque
623 2058 658 2089 &
675 2063 765 2101 prata
789 2048 932 2098 piscibus
949 2047 1075 2083 fuerint
1092 2048 1217 2094 repleta
1228 2071 1240 2086 ,
1265 2047 1478 2096 sequeipsum
1490 2061 1530 2083 ex
1543 2047 1682 2096 piscibus
1694 2048 1759 2083 illis
1768 2045 1980 2083 commedifl'e

293 2110 442 2146 unacum
452 2103 644 2154 parentibus
654 2102 733 2140 suis.
809 2101 911 2135 Anno
927 2100 1032 2143 1586.
1051 2095 1145 2144 supra
1162 2097 1492 2145 Constantinopolim
1510 2109 1578 2132 atra
1592 2097 1697 2132 nubes
1714 2100 1878 2144 apparuit,
1905 2107 1980 2143 quse

292 2159 371 2196 cum
406 2156 511 2191 soluta
541 2152 653 2189 fuisset
689 2154 726 2186 in
757 2148 906 2196 pluviam
939 2149 1115 2181 maximam
1148 2147 1216 2181 una
1254 2145 1361 2180 secum
1397 2146 1596 2182 locustarum
1632 2149 1764 2192 copiam
1793 2144 1945 2181 effudit..
1969 2168 1986 2184 s

297 2220 371 2257 quae
381 2216 460 2241 mox
472 2215 573 2238 omne
589 2212 725 2250 gramen
744 2197 880 2246 depastae
893 2197 1037 2232 luerunt.
1086 2194 1208 2229 Similis
1224 2194 1423 2230 locustarum
1445 2195 1556 2242 pluvia
1573 2194 1780 2230 Francosurti
1795 2197 1836 2229 ad
1844 2195 1985 2228 Oderat»

294 2257 457 2305 proximis
466 2251 588 2287 abhinc
596 2253 692 2284 annis
705 2248 828 2283 decidit
841 2269 851 2285 ‚
873 2246 961 2280 unde
970 2248 1089 2293 ingens
1100 2246 1257 2279 damnum
1266 2242 1407 2280 emerfit.
1455 2245 1580 2279 Eodem
1591 2256 1681 2279 anno
1706 2243 1799 2291 supra
1815 2256 1983 2278 memora..

293 2317 331 2342 to
341 2308 376 2342 in
387 2304 523 2339 Croatia
543 2298 646 2346 prope
665 2296 832 2332 castellum
843 2292 989 2342 mist-213
999 2306 1039 2328 ex
1047 2304 1115 2328 atra
1127 2291 1216 2327 nube
1226 2304 1299 2327 cum
1313 2293 1487 2327 immodica
1503 2292 1614 2339 pluvia
1633 2292 1761 2328 anseres
1777 2297 1811 2328 &
1821 2303 1934 2327 anates
1946 2295 1983 2327 in

292 2357 438 2392 maxima
447 2352 543 2398 copia
555 2346 705 2384 decidisse
717 2346 816 2381 tradit
825 2347 852 2382 1.
877 2342 1071 2390 Leunclay'us
1087 2345 1122 2377 in
1144 2342 1242 2376 addit.
1262 2342 1304 2375 ad
1313 2342 1419 2381 Cron.
1431 2343 1530 2378 Turc.
1580 2344 1697 2390 quinta
1707 2343 1827 2378 deinde
1838 2343 1938 2377 noete
1947 2344 1983 2376 in

294 2405 379 2440 duas
392 2404 476 2438 acies
485 2402 516 2436 se
525 2395 690 2445 collegisse
701 2407 737 2430 ac
747 2397 893 2430 invicem
903 2406 971 2428 non
986 2392 1077 2428 secus
1086 2404 1121 2427 ac
1133 2392 1217 2426 duos
1230 2390 1364 2426 hostiles
1373 2394 1533 2427 exercitus
1546 2390 1610 2427 sese
1633 2392 1780 2427 invasisse
1794 2396 1829 2428 δε
1845 2394 1890 2426 im
1896 2403 1984 2438 pug-

297 2452 388 2489 naffe
397 2452 511 2487 multis
518 2459 635 2485 eorum
643 2441 986 2480 millibusintetfeffis
997 2466 1006 2484 ‚
1028 2444 1074 2476 ita
1083 2452 1118 2476 ut
1127 2440 1261 2481 incolae,
1286 2453 1321 2474 ac
1329 2439 1448 2475 milites
1458 2440 1580 2476 ibidem
1589 2453 1748 2477 exeuntes
1758 2453 1911 2490 magnam
1926 2452 1982 2474 eo-

295 2515 373 2539 rum
383 2502 510 2546 copiam
521 2496 758 2544 collegerint&
768 2496 827 2529 uni
836 2504 1084 2539 nonnunquam
1100 2501 1231 2525 centum
1242 2513 1252 2528 ,
1261 2489 1419 2529 ducentae,
1443 2490 1511 2525 imo
1524 2494 1559 2526 δε
1572 2492 1822 2539 quadringentae
1835 2489 1984 2525 volucres

295 2565 359 2600 pro
370 2549 474 2598 spolio
486 2549 526 2582 ad
535 2547 663 2582 lautum
679 2545 806 2578 viarum
823 2540 986 2578 cesserint.
1038 2539 1177 2588 Reliqui
1189 2550 1299 2573 autem
1316 2537 1445 2574 anseres
1456 2540 1615 2580 victores,
1644 2551 1680 2576 ut
1691 2543 1777 2575 idem
1789 2539 1915 2575 Author
1929 2550 1983 2572 re·-

297 2595 614 2640 fert.accedentibus
622 2592 858 2628 hominibusin
868 2591 950 2625 duas
962 2590 993 2624 se
1004 2600 1126 2624 turmas
1137 2587 1329 2635 colligentes
1339 2611 1349 2627 ,
1374 2587 1440 2623 alio
1450 2588 1633 2625 avolarunt.
1685 2592 1723 2625 In
1735 2586 1886 2633 Quitenfi
1900 2588 1981 2621 Pro-

297 2652 409 2686 vincia
422 2647 612 2683 coeloetiam
622 2642 736 2677 sereno
746 2639 988 2688 nonnunquam
999 2641 1032 2673 in
1043 2637 1112 2685 ipso
1130 2640 1204 2672 aete
1218 2649 1343 2673 vermes
1360 2637 1492 2672 excludi
1502 2637 1616 2675 ferunt
1626 2664 1636 2681 ‚
1660 2642 1720 2688 qui
1733 2642 1897 2674 interram
1910 2635 1981 2683 lap-

295 2699 322 2734 fi
332 2702 368 2735 in
379 2703 681 2746 anguesvertuntur
693 2690 905 2727 bicaudatos‚
927 2687 963 2724 ei
978 2687 1138 2735 qualitate
1147 2685 1311 2725 imbutos,
1337 2698 1374 2722 ut
1381 2699 1613 2736 quemcunque
1635 2689 1887 2725 momorderint,
1899 2697 1981 2720 eun-

295 2749 372 2783 dem
381 2748 488 2783 statim
497 2743 646 2780 resolutis
653 2740 822 2788 sanguinis
831 2738 935 2773 Ostiis
948 2750 1018 2772 non
1032 2735 1160 2772 tantum
1170 2749 1209 2771 ex
1225 2735 1384 2771 omnibns
1394 2747 1518 2771 naturae
1532 2739 1685 2778 orificiis,
1709 2737 1762 2773 sed
1780 2741 1814 2772 &
1824 2747 1881 2782 per
1891 2733 1982 2781 ipsos

297 2809 398 2843 poros
418 2806 569 2831 cruorem
580 2789 781 2841 profundere
791 2788 943 2834 usquead
957 2787 1112 2822 ultimum
1122 2785 1266 2821 hominis
1274 2787 1416 2820 exitium
1429 2787 1662 2833 cogunt,nullo
1671 2789 1776 2822 adhuc
1786 2795 1898 2819 contra
1911 2795 1983 2820 tam

298 2848 443 2880 immane
457 2842 582 2880 malum
598 2843 736 2878 invento
751 2838 909 2874 remedio.
959 2836 1071 2871 Kitch.
1092 2835 1151 2874 lib.
1169 2835 1209 2870 de
1224 2834 1313 2870 Peste
1328 2834 1398 2873 Sec.
1419 2847 1487 2877 3.c.
1503 2847 1536 2879 3,
1551 2849 1604 2872 -cx
1617 2837 1798 2873 Annalibus
1809 2835 1984 2877 Ametsscaa

306 2896 371 2932 nis.

396 2983 460 3017 His
472 2982 707 3032 subjungendae
720 2981 820 3017 etiam
832 2974 905 3013 sunt
917 2974 1056 3011 aliarum
1074 2988 1182 3012 rerum
1198 2977 1317 3024 pluviae
1328 2974 1505 3016 mirabiles.
1557 2975 1750 3012 Linthurius
1769 2974 1926 3014 observat
1946 2982 1985 3018 in.

303 3031 456 3088 Fufi-icaria
464 3033 556 3068 Anni
570 3035 682 3089 [496.-
698 3029 799 3088 prope
808 3041 852 3076 op
877 3027 970 3063 idum
981 3024 1227 3084 Munckiperge
1240 3027 1369 3075 peraclea
1385 3027 1430 3060 D.
1440 3026 1654 3075 Margarethae
1667 3023 1847 3062 festivitate
1856 3028 1985 3077 lapides

305 3080 392 3131 galo
405 3081 550 3129 dejectos
560 3103 571 3121 ,
582 3093 616 3117 in
626 3080 747 3130 quibus
764 3077 836 3116 visae
865 3087 927 3115 unt
950 3076 1126 3113 hommum
1137 3074 1258 3125 facies,
1283 3075 1509 3127 &gdiademata
1517 3074 1672 3125 exprella.
1722 3076 1876 3114 Vidimus
1894 3090 1990 3114 anno

1883 3139 1899 3165 1
1908 3138 1926 3174 ς
1934 3139 1947 3166 1
1954 3141 1990 3169 o.
