2060 3444
580 128 942 202 Philosophico
955 129 1207 184 —Politicss
1677 145 1759 204 133

81 212 151 246 eati
163 234 174 251 ,
195 207 278 245 'Solis
290 208 406 246 ardore
416 213 544 249 madere
554 214 730 250 scribitur-31
741 214 860 253 Plinio.
914 214 1008 250 Forte
1023 217 1098 262 quia
1116 227 1198 251 terra
1223 214 1367 263 spongiae
1383 215 1481 251 instar
1493 213 1608 264 porosa
1620 216 1758 264 allapsos

88 262 208 294 imbres
223 261 329 294 statim
345 260 539 298 absorbetin
553 263 781 311 profundum,
806 264 948 299 maxime
965 263 986 297 si
1010 277 1129 311 aquam
1147 264 1284 301 haberet
1303 265 1567 310 subterraneam3
1592 270 1661 300 vice
1671 266 1759 300 versa

88 310 168 344 vero
177 310 368 354 proliciente
378 311 462 346 Solis
472 314 602 351 ardore,
629 312 736 346 facilis
761 325 817 360 pet
831 315 969 348 eosdem
985 325 1083 359 poros
1093 312 1367 362 vapor-ascendit,
1388 318 1447 362 qui
1465 316 1522 351 ubi
1539 317 1648 349 aetem
1661 314 1759 362 frigi-

87 359 211 393 diorem
226 358 361 393 senserit
373 384 383 400 ,
407 364 442 395 in
455 362 628 396 humorem
640 361 751 396 abiens
760 373 878 396 terram
892 363 1021 396 madere
1039 361 1131 398 facit.

184 411 320 450 Quaeres
332 409 382 444 hic
392 409 519 456 primo:
545 411 615 445 Cur
628 410 750 445 imbres
762 410 824 445 sint
833 409 1071 459 frequentiores
1081 413 1114 445 in
1126 411 1240 457 hyeme
1251 437 1264 458 ‚
1290 411 1387 460 quam
1410 415 1445 448 in
1458 412 1584 458 aestate3
1605 411 1760 459 Respong

86 456 168 494 deo:
196 460 375 493 Rationem
391 458 472 499 esse,
499 462 575 507 quia
592 460 699 494 :estate
721 463 824 505 major
843 461 888 495 est
907 460 1017 498 calor,
1043 460 1280 508 consequenter
1299 461 1418 508 pluviae
1440 461 1635 497 debenteffe
1652 457 1757 496 infre-

39 506 40 509 ’
86 509 278 554 quentiores
291 531 301 546 ‚
325 520 400 542 nam
416 508 470 554 plu
478 511 533 542 viae
544 521 612 543 non
624 512 781 544 oriuntur
794 509 943 556 proxime
954 522 993 542 ex
1003 521 1042 543 eo
1053 534 1062 549 ,
1088 513 1165 557 quia
1177 522 1311 558 vapores
1320 510 1490 547 elevantur
1501 512 1638 551 sursum,
1663 511 1756 557 quod

86 555 133 589 est
146 568 230 602 opus
241 557 376 596 caloris,
400 558 451 590 sed
463 570 574 596 exeo,
592 561 671 605 quia
691 559 952 605 vaporeselevati
966 560 1212 594 *condensantur
1226 582 1237 598 ,
1264 563 1299 595 &
1322 562 1443 594 cadunt
1475 562 1641 598 deorsum,
1663 564 1755 607 quod

85 605 132 638 est
142 617 225 651 opus
239 605 391 653 frigorisg
418 609 451 640 iu
462 607 567 641 aestate
585 619 694 642 autern
707 611 816 655 viget,
844 612 878 643 &
892 618 1008 654 regnat
1020 607 1131 656 calor3
1156 609 1245 643 unde
1260 620 1395 656 vapores
1407 609 1579 645 elevantur
1600 614 1633 645 &
1646 611 1736 644 ascen

85 655 191 698 dunr;
220 655 336 700 hyeme
360 656 459 693 vero,
485 655 560 689 cum
577 668 693 704 regnet
720 659 849 704 friguS‚
873 668 1010 704 vapores
1026 657 1142 691 elevati
1163 657 1374 704 gravescunt,
1400 663 1434 694 &
1454 660 1753 693 descenduntdcot-

83 702 156 737 sum
171 707 203 738 in
218 698 356 751 pluvias.
410 708 498 739 Hinc
523 705 651 754 colligit
681 706 872 740 Aristoteles
894 717 985 740 textu
996 711 1053 752 46.
1071 705 1131 743 lib.
1147 719 1175 744 ι.
1191 710 1272 742 Met,
1290 708 1360 741 dari
1374 707 1557 741 mirabilem
1572 708 1753 742 circularia

85 765 164 786 uem
175 765 332 799 vaporum
344 753 587 789 ascendentium
601 779 611 794 ‚
640 759 674 790 &
685 754 951 790 descendentium
964 778 974 793 ,
1001 768 1070 801 quae
1091 756 1263 790 circulatio
1273 759 1422 791 imitatur
1432 758 1589 790 circulum
1602 758 1759 804 fiolis‚qui

84 803 165 836 dum
185 812 337 838 movetur
358 816 414 850 per
430 806 632 845 zodiacum,
659 803 759 838 modo
784 805 908 839 accedit
927 805 966 837 ad
984 805 1135 838 nostrum
1147 809 1302 840 verticem
1324 829 1334 844 ,
1360 807 1438 840 dum
1452 807 1468 840 ξι
1484 808 1629 851 Ttopico
1641 809 1760 852 Capri·-

84 854 178 886 corni
191 853 399 899 ‚progreditur
411 855 449 887 ad
460 856 646 901 Tropicum
659 854 780 888 Cancri
792 876 801 891 ‚
828 853 979 889 &causat
990 853 1153 891 aestatem:
1180 856 1282 888 modo
1296 857 1415 891 recedit
1431 856 1569 889 {inostro
1587 858 1733 893 vertice...
1749 879 1759 896 ‚

32 937 33 940 Ἰ
83 901 163 935 dum
182 902 199 936 ὲ
219 902 366 947 Tropico
387 904 509 937 Cancri
527 903 761 950 regrediturad
778 904 957 949 Tropicurn
970 905 1170 949 Capicorni.
1194 907 1229 938 δε
1244 906 1349 938 causat
1362 905 1525 950 hyemem.
1576 905 1760 940 Similitesp

88 962 169 997 ergo
182 962 272 997 aquae
287 950 392 985 aestate
405 955 691 987 convertunturin
707 963 846 998 aquarn,
867 956 905 986 -&
916 951 1060 986 refluunt
1074 953 1225 986 deorsum
1247 966 1301 998 per
1311 954 1460 1000 pluvias,
1486 958 1575 988 nives
1595 958 1656 990 &a
1683 956 1759 989 ideo

87 1000 202 1045 hyeme
214 999 385 1035 abundant
397 1004 530 1050 aquaein
542 1005 655 1039 tetris,
680 1013 716 1035 ut
726 1012 814 1047 patet
827 1014 866 1035 ex
883 1002 1104 1035 redundantia
1121 1002 1299 1036 fluminum
1314 1026 1324 1041 ,
1350 1003 1480 1036 lccuurn
1493 1026 1501 1041 ‚
1527 1001 1672 1038 fontium
1693 1009 1759 1042 ἅτε.

86 1049 190 1086 aestate
211 1049 289 1083 vero
304 1062 440 1097 vapores
457 1050 628 1085 abundant
645 1053 678 1084 in
697 1054 786 1088 ae‘re,
814 1061 850 1084 ut
869 1061 957 1098 patet
970 1063 1010 1084 ex
1022 1051 1237 1085 decrescenti-1
1258 1052 1435 1087 fluminum
1450 1056 1483 1087 δε
1500 1051 1630 1087 lacuum
1650 1077 1661 1091 ,
1688 1067 1759 1102 quae

87 1100 241 1145 provenit
255 1112 294 1133 ex
306 1113 346 1134 eo
358 1125 366 1139 ,
394 1101 486 1148 quod
498 1113 590 1146 aquae
605 1103 639 1134 in
649 1111 785 1146 vapores
793 1100 955 1135 conversae
968 1099 1160 1134 fluxererint
1173 1099 1309 1138 sursum.

181 1149 317 1191 Qaeres
333 1150 497 1188 secundo:
522 1151 592 1184 Cur
608 1149 718 1184 nimbi
745 1147 806 1182 sint
828 1147 1072 1197 frequentiores
1090 1150 1218 1188 aestate,
1246 1151 1344 1196 qnam
1356 1150 1484 1197 hyeme.
1539 1151 1760 1197 Respondeo:

86 1198 343 1238 rationemcffis,
369 1201 444 1245 quia
455 1198 643 1233 aestatect‘im
659 1198 747 1232 calor
760 1200 885 1244 vigeat,
915 1197 1349 1246 utvapotesinftigidentut
1367 1223 1376 1238 ,
1401 1199 1522 1234 debent
1540 1205 1613 1248 cogi
1636 1204 1670 1234 in
1693 1214 1758 1235 ma-

83 1259 148 1292 gua
159 1250 251 1291 copia
266 1270 275 1285 ,
301 1259 338 1282 ut
349 1251 484 1283 vincant
495 1247 636 1282 calorem
648 1249 730 1281 a‘e'tis
741 1247 919 1282 ambientis
930 1271 940 1285 ,
967 1249 1054 1281 unde
1065 1246 1139 1281 cum
1155 1248 1272 1294 pluviae
1282 1249 1396 1285 aestivae
1413 1252 1564 1285 otiantur
1577 1263 1616 1284 ex
1626 1254 1760 1296 vapori,
1790 1283 1792 1285 ,

85 1296 273 1330 διιεεοεὲὶίς
287 1300 319 1331 in
333 1301 475 1332 maxima
485 1299 579 1343 copia
591 1301 624 1331 in
636 1297 744 1331 locum
755 1297 930 1343 angustum
945 1321 955 1336 ,
980 1309 1049 1330 non
1071 1297 1116 1331 est
1126 1300 1265 1336 mirum,
1293 1297 1315 1331 si
1331 1297 1394 1332 sint
1411 1297 1506 1332 valde
1522 1299 1729 1334 abundantes
1750 1328 1763 1347 ‚

86 1349 118 1380 δε
130 1345 318 1392 impetuosae
329 1370 339 1385 ,
364 1347 555 1394 atqueadeo
568 1346 634 1381 sint
645 1345 764 1382 nimbi.
816 1348 854 1380 Et
865 1346 1080 1380 confirmatur
1090 1370 1098 1383 ‚
1124 1348 1201 1393 quia
1213 1346 1287 1381 cum
1297 1347 1385 1381 calor
1395 1348 1510 1381 aestatis
1524 1349 1561 1382 fit
1572 1350 1762 1394 vehemens,

85 1393 190 1429 elevat
213 1393 292 1441 [πρὸ
307 1409 443 1444 vapores
461 1401 496 1432 in
519 1406 637 1444 magna
654 1398 769 1443 copia,
795 1398 828 1430 δε
842 1408 911 1430 non
930 1394 1014 1430 bene
1027 1396 1158 1430 coaetos
1174 1399 1430 1435 &attenuatos‚
1458 1399 1515 1443 qui
1528 1398 1646 1432 deinde
1656 1398 1762 1432 statim

84 1443 310 1481 resolvuntur.

182 1492 453 1537 ·Qaerestertio:
479 1495 550 1529 Cur
560 1492 987 1540 :nimbiaoccvupentparvum
998 1493 1139 1541 spatium
1155 1504 1246 1528 terrae
1261 1517 1271 1533 ,
1298 1493 1565 1531 &durentbrevi
1586 1494 1764 1542 tempore?

84 1541 307 1588 Respondeo:
333 1545 521 1578 Rationem
531 1542 591 1578 esse
608 1544 746 1577 eandem
761 1567 771 1582 ‚
796 1555 894 1590 quam
907 1544 1006 1588 paulo
1022 1555 1098 1578 ante
1117 1544 1267 1578 dedimus
1282 1566 1292 1582 ,
1316 1556 1455 1590 nempe,
1484 1546 1560 1592 quia
1582 1547 1765 1592 vilpoteStit

83 1590 303 1638 frigidentut‚
331 1591 534 1639 cogidebent
547 1595 581 1626 in
598 1605 713 1641 magna
725 1595 818 1638 copia
833 1590 988 1626 inlocum
998 1593 1193 1639 angustum,
1220 1606 1302 1638 ergo
1320 1592 1608 1637 debentoccupare
1624 1606 1764 1641 parvum

81 1640 235 1687 spatium.
287 1641 412 1677 Rursus
424 1645 562 1689 pro'pter
572 1643 671 1687 ipsam
683 1643 926 1675 vehementiam
940 1646 975 1676 ἃ
987 1644 1117 1690 copiam
1128 1641 1246 1691 pluviae
1258 1642 1436 1677 resolvitur
1453 1642 1558 1676 statim
1569 1643 1677 1678 nubes
1692 1667 1702 1682 ,
1729 1647 1765 1678 δε

83 1688 337 1729 ceffatnimbus.
389 1692 510 1726 Eadem
519 1693 603 1725 ratio
615 1691 679 1729 est,
706 1703 764 1724 cur
777 1690 854 1725 tales
865 1691 969 1725 nimbi
980 1694 1130 1725 oriantur
1139 1690 1360 1737 utplurimum
1377 1694 1460 1726 circa
1482 1695 1619 1727 vertices
1636 1697 1764 1727 monti=

82 1751 139 1775 um
151 1739 249 1774 flante
265 1752 384 1776 contra
398 1740 473 1775 illos
486 1751 589 1776 vento
603 1764 612 1779 ,
641 1739 780 1779 scilicet,
808 1742 886 1786 quia
897 1753 1014 1775 ventus
1023 1739 1132 1775 defert
1146 1753 1284 1788 vapores
1294 1744 1328 1775 in
1342 1740 1414 1775 illas
1426 1752 1531 1788 partes
1542 1764 1552 1779 ,
1578 1746 1612 1777 &
1628 1744 1763 1776 inveni-

78 1801 136 1824 ens
155 1791 438 1836 impedimentum
455 1792 581 1826 montis
593 1817 605 1836 ,
625 1790 797 1824 coadunat
812 1792 848 1824 in
859 1792 1002 1825 maxima
1012 1792 1124 1838 copia,
1150 1803 1251 1839 quare
1275 1792 1362 1825 uniti
1379 1789 1636 1839 infrigidantur,
1662 1795 1697 1826 δέ
1711 1803 1763 1827 re-

77 1837 294 1874 solvuntur-in
307 1840 476 1879 nimbum.

176 1890 314 1930 Quaeres
330 1890 473 1938 quarto:
499 1890 570 1924 Cur
585 1888 723 1936 singulis
738 1886 808 1922 fere
824 1890 921 1923 annis
944 1889 1028 1922 circa
1040 1890 1248 1935 principium
1267 1888 1400 1928 aestatis,
1429 1889 1581 1938 quotidie
1590 1889 1648 1925 sub
1663 1892 1763 1925 meri-

17 1971 18 1979 ,
78 1937 168 1973 diem
180 1940 340 1973 excitetur
350 1936 776 1975 nimbusbrevitranfiens.
828 1937 1050 1984 Retpoudeo,
1076 1940 1239 1971 rationem
1258 1936 1340 1978 esse,
1367 1942 1446 1986 quia
1466 1942 1550 1974 circa
1563 1942 1765 1987 principium

16 2020 18 2027 ,
51 2008 55 2011 -
78 1987 196 2023 aestaris
207 1988 391 2035 superficies
402 2000 494 2024 tetrae
506 2012 518 2028 ,
541 1991 675 2034 &aquae
687 1991 720 2022 ὃς
732 1990 786 2020 ειὲἰ·
798 1985 1068 2033 illipropinquus
1081 1997 1216 2033 propter
1227 1987 1357 2021 radium
1374 1989 1532 2023 reflexum
1550 1990 1764 2024 vehementer

78 2036 262 2075 incalescit,
290 2039 433 2074 durante
448 2041 583 2073 interim
604 2040 638 2071 in
662 2036 801 2070 secunda
819 2037 900 2070 aeris
909 2037 1043 2083 regione
1054 2035 1258 2083 frigiditate,
1286 2035 1443 2072 cumillic
1453 2051 1520 2073 non
1533 2042 1698 2085 pertingat
1709 2051 1764 2073 raa

79 2087 152 2121 dius
162 2086 320 2127 reflexus,
343 2092 379 2124 &
391 2089 503 2123 radius
512 2088 654 2121 directus
664 2098 736 2134 eget
747 2083 865 2131 majori
877 2096 1029 2132 ternpore
1042 2085 1082 2120 ad
1091 2085 1181 2120 illam
1192 2084 1461 2122 calefaciendam.
1502 2088 1603 2122 Calor
1614 2101 1694 2136 ergo
1705 2101 1763 2123 ve-

79 2135 308 2172 hemenscirca
318 2149 437 2173 terram
448 2162 458 2179 ‚
484 2148 621 2183 vapores
633 2135 738 2170 elevat
751 2138 784 2169 in
799 2146 915 2183 magna
928 2137 1021 2182 copia
1034 2159 1044 2174 ,
1069 2138 1127 2182 qui
1139 2137 1365 2181 pertingentes
1377 2138 1416 2171 ad
1430 2137 1603 2172 secundam
1617 2141 1701 2172 ae'ris
1713 2151 1764 2172 re-

75 2186 212 2232 gionem
228 2199 297 2221 non
310 2187 383 2223 satis
393 2185 585 2223 calefactam
603 2185 858 2220 aradiodireeto
872 2185 977 2218 statim
988 2183 1236 2231 refrigerantur=
1289 2187 1328 2218 Et
1351 2189 1429 2234 quia
1449 2199 1585 2234 vapores
1601 2188 1764 2233 praecipne

80 2233 248 2270 elevantur
263 2239 346 2271 circa
358 2238 541 2274 meridiem,
557 2234 634 2269 ideo
648 2233 746 2281 paulo
758 2234 829 2280 post
842 2234 1013 2269 meridiem
1026 2233 1208 2280 refrigerati
1224 2233 1434 2270 resolvuntur
1446 2238 1479 2270 iu
1494 2236 1621 2283 pluvias
1631 2239 1765 2272 &nim-

80 2282 141 2317 bos
154 2285 372 2323 vehementes.
426 2288 564 2320 Interim
586 2287 684 2319 etiam
704 2284 744 2317 ad
761 2280 933 2317 secundam
944 2286 1115 2330 regionem
1133 2284 1523 2332 abrispropagaturaeslus
1537 2311 1546 2325 ,
1572 2297 1671 2333 atque
1681 2286 1764 2320 adeo

79 2329 218 2367 cessante
230 2333 333 2369 subita
347 2335 598 2385 refrigeratione
613 2345 772 2381 vaporum
783 2332 1035 2368 ceslantnimbi.
1081 2332 1174 2368 [Inde
1184 2334 1217 2366 in
1229 2334 1321 2367 Zona
1335 2337 1434 2369 etiam
1447 2336 1569 2370 torrida
1579 2335 1665 2384 pluit
1677 2348 1764 2385 quo-

79 2382 163 2417 tidie
176 2381 232 2416 sub
247 2379 427 2423 meridiem.v
1552 2399 1564 2413 ⁶

178 2433 467 2482 Qiaeresquinto:
488 2434 562 2468 Cur
581 2432 691 2481 pluvia
712 2429 819 2478 magis
838 2441 956 2465 terram
979 2430 1193 2474 foecundent,
1219 2434 1319 2482 quam
1332 2435 1550 2482 irrigationes,
1603 2432 1763 2480 Respon„

78 2479 161 2514 deo:
192 2483 370 2518 Rationem
383 2483 444 2519 esse
457 2509 466 2523 ‚
491 2485 568 2530 quia
579 2482 655 2517 cum
671 2484 704 2515 in
722 2484 795 2526 aire
811 2478 1014 2516 finteffiuvia
1029 2486 1064 2515 &
1078 2494 1184 2529 partes
1201 2483 1353 2529 spiritosae
1366 2486 1521 2518 omnium
1540 2494 1663 2527 rerum,
1688 2483 1762 2527 plu-

81 2531 141 2566 viae
156 2529 278 2564 multas
289 2544 328 2566 ex
343 2534 393 2567 bis
411 2533 567 2568 deferunt
581 2535 615 2566 in
626 2543 744 2565 terram
758 2554 766 2568 ‚
795 2530 916 2575 quibus
928 2529 1016 2564 illam
1031 2530 1239 2568 foecundant.
1265 2534 1311 2566 Ex
1322 2533 1436 2567 eadem
1447 2536 1574 2568 ratione
1585 2545 1676 2578 aquae
1687 2532 1763 2577 plu-

78 2579 180 2613 viales
198 2577 274 2614 sunt
291 2579 514 2618 foecundiores
526 2607 534 2619 .
559 2582 659 2627 quam
675 2593 767 2624 aouae
787 2580 944 2615 rontanae.
996 2579 1156 2615 Pluviales
1172 2585 1262 2617 enim
1282 2582 1402 2629 magnii
1416 2595 1455 2617 ex
1466 2595 1555 2630 parte
1565 2581 1766 2628 colliguntur

79 2641 123 2663 ex
135 2627 255 2674 pluviis
269 2633 302 2663 δέ
316 2632 446 2667 nivibus
460 2658 467 2671 ‚
495 2643 594 2679 atque
611 2630 692 2664 adeo
707 2629 781 2663 sunt
795 2628 896 2673 plenae
915 2629 1030 2664 multis
1039 2630 1208 2676 spiritibus
1225 2656 1234 2669 ,
1262 2635 1320 2678 qui
1339 2632 1456 2666 desunt
1478 2634 1569 2679 aquis
1587 2630 1737 2664 fontanis
1750 2654 1762 2669 ,

78 2690 152 2725 quae
165 2675 238 2712 sunt
249 2679 343 2714 valde
353 2694 439 2726 ‚purae
454 2681 660 2728 &limpidae,
689 2680 764 2713 cum
781 2676 941 2725 pluviales
951 2678 1149 2715 solt-antesle
1161 2681 1307 2716 turbidaei
1335 2683 1384 2715 Ex
1399 2682 1511 2716 eadem
1522 2681 1650 2714 ratione
1661 2681 1717 2713 nix
1728 2683 1764 2714 δε

77 2739 133 2762 ros
146 2725 475 2766 foecundantterrarn
491 2757 500 2771 ‚
526 2734 602 2778 quia
622 2730 718 2776 plena
730 2727 805 2762 sunt
822 2726 942 2763 talibus
955 2729 1110 2766 effluviis.
1163 2732 1268 2765 Nives
1285 2742 1395 2764 tamen
1411 2728 1603 2764 soecundant
1612 2729 1710 2762 etiam
1723 2741 1764 2763 ex

78 2776 146 2811 ²150
164 2779 271 2824 capite
285 2803 295 2817 ,
319 2781 398 2826 quia
407 2783 563 2816 nimirum
577 2780 634 2814 suo
645 2778 770 2825 frigore
779 2776 949 2815 claudunt,
963 2780 1238 2828 &constringunt
1256 2792 1357 2824 poros
1366 2791 1473 2815 terrm,
1493 2788 1592 2824 atque
1604 2777 1686 2811 adeo
1697 2779 1765 2813 im-

75 2826 215 2873 pediunt
226 2828 453 2864 exhalationes
462 2829 647 2875 spirituum.
660 2833 717 2875 qui
730 2827 912 2864 evolarent,
930 2829 1017 2862 unde
1030 2829 1151 2864 occlusi
1164 2828 1282 2863 mel-Lus
1293 2829 1310 2863 ἓι
1324 2839 1406 2862 terra
1420 2826 1640 2861 imbibuntur.

163 2878 306 2921 -Quaeres
317 2879 429 2916 sexto:
451 2882 574 2915 Utrum
588 2878 656 2926 quo
665 2877 798 2912 altiores
812 2875 885 2910 sunt
899 2876 1021 2916 nubes,
1035 2878 1075 2913 eo
1085 2891 1255 2927 guttarum
1269 2887 1377 2910 motus
1395 2878 1477 2909 circa
1489 2886 1605 2910 terram
1618 2874 1658 2910 sit
1669 2875 1763 2912 velo-

82 2924 175 2963 cior'?
202 2926 400 2974 Respondeo
414 2928 702 2974 affirmative,quia
713 2927 848 2974 guttulae
858 2926 922 2959 illae
933 2927 1001 2973 qno
1012 2927 1145 2976 longius
1158 2928 1323 2963 seruntur,
1339 2924 1378 2958 εὸ
1389 2926 1422 2958 in
1433 2924 1462 2958 se
1472 2928 1626 2968 majorem
1637 2925 1763 2973 impul-

0 2998 2 3019 ἰ
83 2971 153 3006 sum
163 2976 374 3020 imprimunt,
389 2978 497 3026 ficc'lue
511 2976 687 3024 perfectius
698 2977 896 3024 principium
916 2975 1026 3011 motus
1039 2980 1074 3012 in
1084 2977 1114 3012 se
1129 2971 1425 3020 habent,vir6sque
1442 2975 1759 3022 acquirunteundm

0 3023 1 3034 ³
73 3024 118 3057 2&
132 3022 371 3074 consequenter
381 3032 416 3064 iu
430 3029 496 3063 fine
505 3029 613 3063 motus
625 3025 772 3065 velocius
783 3023 1007 3061 movebuntur
1019 3026 1156 3075 guttulae
1167 3025 1230 3059 illae
1241 3023 1406 3063 cadentes.

1628 3114 1764 3154 Quaeres
