2060 3444
597 152 972 228 Philosophico-
986 157 1205 212 politica·
1674 174 1759 229 351

523 294 947 380 QUAESTI
968 302 1036 367 Ο
1126 298 1297 373 Vlll.

627 426 714 477 De
728 446 850 488 rore,
871 441 943 491 (φ
958 432 1160 505 pruina„

222 543 384 581 Onclufio
409 547 525 592 prima.
574 544 646 581 Ros
660 548 780 585 dicitur
791 574 802 590 ,
815 562 851 584 nt
862 548 987 585 Isidoro
996 549 1121 599 placet,
1136 547 1227 599 quali
1236 545 1328 595 rarus
1342 554 1352 589 3
1367 550 1461 597 quod
1482 565 1549 587 non
1559 549 1641 587 adeo
1651 549 1756 588 denfis

220 600 256 630 &
294 595 376 628 lenis
385 597 486 641 guttis
497 591 680 633 descendat.
733 600 882 634 Pertenui
895 603 983 634 enim
999 601 1124 634 constat
1133 598 1337 647 aiperfione‚
1356 611 1429 645 quae
1443 603 1496 635 vix
1510 614 1610 636 manu
1621 605 1758 648 percipi-

221 655 288 681 tur.
338 644 434 677 Unde
446 642 577 678 definiri
588 645 694 690 potest
705 671 716 690 ‚
730 649 823 695 quod
843 648 882 683 fir
898 648 1054 683 resolutio
1067 652 1102 683 in
1117 662 1237 696 aquam
1249 651 1378 694 vaporis
1387 650 1507 694 parum
1526 650 1643 685 elevati
1659 652 1676 684 a
1690 662 1757 686 tet-

219 705 260 746 ta·
269 703 404 739 propter
424 692 625 727 debilitatem
645 695 761 730 caloris
779 697 863 732 Solis
878 699 1076 736 occidentis,
1103 702 1162 745 qui
1183 709 1284 744 vapor
1293 697 1540 742 superveniente
1555 703 1677 746 lrigore
1697 714 1757 735 ve...

80 743 225 790 spertino
236 766 246 781 ,
264 745 296 776 &
309 743 478 775 matutino
490 742 668 778 concrescit
682 773 694 792 ‚
720 758 753 780 ac
763 746 947 785 resolvitur.
997 748 1138 781 Materia
1157 750 1259 796 igitur
1275 750 1360 780 totis
1380 747 1424 780 est
1435 760 1536 795 vapor
1547 747 1672 782 subulis
1685 774 1694 788 ‚
1720 754 1756 784 δε

78 793 234 827 humidus
244 814 255 830 ‚
279 792 337 837 qui
347 793 430 842 inter
439 803 554 826 omnes
568 805 706 839 vapores
720 795 974 831 esttenuiffirnus
985 820 994 835 ,
1020 795 1128 829 forma
1139 802 1184 830 eit
1196 806 1367 842 guttarum
1381 797 1636 832 tenuissimarum
1646 796 1757 845 asper-

79 841 140 879 fio.
190 838 293 875 Causa
305 838 451 873 efficiens
470 841 515 874 est
535 840 875 888 frigusnodffirnum,
895 845 944 879 vel
962 844 1185 891 vespertinum
1200 868 1211 883 ‚
1233 849 1269 879 &
1292 849 1495 880 matutinum
1515 858 1756 892 temperatum,

82 891 174 938 quod
184 891 290 936 cogit,
308 889 463 923 &deniat
473 889 569 924 illurn
584 895 789 937 vaporem-in
801 893 1119 942 aqueumliquorem
1133 917 1143 932 ,
1160 906 1229 928 non
1243 905 1352 927 autem
1369 895 1534 942 congelat.
1583 898 1687 929 sauia
1698 909 1754 931 va-

82 943 172 988 poris
183 938 391 974 elevativaest
403 937 459 972 Sol
469 937 526 973 sub
545 938 711 986 vesperam
724 965 734 982 ,
760 943 835 977 cnm
848 948 934 979 enim
946 942 985 977 fit
995 943 1115 990 partim
1130 941 1245 977 efficax
1257 953 1392 989 propter
1410 947 1526 977 caloris
1537 946 1754 985 debilitatem,

85 1001 197 1036 parum
210 986 325 1022 elevat.
380 989 429 1022 Ad
441 1000 549 1023 rorem
564 988 791 1033 etiamjuvant
810 992 892 1027 astra
904 994 1087 1031 nochum,
1103 994 1280 1039 praelertim
1303 994 1412 1031 Luna,
1438 993 1579 1027 maxime
1599 1008 1630 1028 ,ιι
1650 995 1756 1040 pleni-

81 1039 175 1074 lunio
189 1060 198 1075 ,
215 1038 250 1071 in
260 1048 328 1083 quo
338 1040 475 1080 majores
484 1035 559 1071 sunt
568 1047 683 1085 ποι-«τες
709 1041 853 1088 ideoque
871 1044 961 1076 Luna
983 1043 1102 1076 dicitur
1123 1045 1207 1075 toris
1217 1052 1320 1075 maret
1335 1064 1344 1080 ‚
1371 1043 1449 1087 quia
1464 1043 1587 1079 scilicet
1603 1054 1753 1090 tempore

79 1087 174 1122 molli
187 1085 406 1144 vaporesiilos
414 1088 514 1122 etiam
528 1088 632 1122 ηοὸὶιι
640 1089 749 1124 educit
764 1114 775 1130 ‚
800 1093 858 1138 qui
868 1092 969 1125 notstu
982 1093 1076 1126 terris
1086 1089 1277 1125 incubantes
1287 1088 1345 1125 (ub
1356 1091 1537 1138 crepusculi
1545 1093 1677 1126 initium
1689 1093 1752 1128 sol-

79 1147 202 1172 vuntur
218 1147 253 1170 in
261 1145 372 1182 aquas.
766 1144 769 1147 ⁴

176 1194 359 1234 Conclufiu
371 1194 522 1233 secunda.
572 1196 1031 1246 Ros-distinguitutapluvia,
1057 1209 1126 1234 tum
1138 1221 1149 1237 ‚
1175 1201 1253 1246 quia
1267 1198 1380 1247 pluvia
1399 1199 1445 1235 est
1467 1200 1570 1236 nubes
1582 1203 1617 1237 in
1631 1215 1753 1251 aquam

80 1248 186 1285 soluta
198 1272 206 1286 ,
231 1260 284 1281 ros
292 1245 372 1280 veto
382 1244 427 1277 est
437 1245 564 1280 tamenn
577 1258 680 1292 vapor
692 1249 821 1282 evolare
832 1249 1037 1295 incipiensad
1050 1247 1171 1283 nubem
1185 1248 1445 1295 efformandam3
1471 1261 1540 1285 tum
1551 1254 1629 1298 quia
1640 1254 1754 1299 pluvia

80 1299 200 1335 decidit
213 1298 367 1345 guttatim
382 1317 392 1332 ,
411 1306 465 1327 ros
475 1293 673 1330 vei-&lenitis
683 1319 693 1334 ‚
715 1300 747 1331 ὅ(
762 1296 876 1332 senfim
889 1298 954 1333 line
968 1297 1059 1332 senlu
1070 1297 1181 1333 herbis
1194 1321 1204 1337 ,
1227 1311 1264 1337 ac
1275 1298 1412 1333 floribus
1424 1300 1623 1337 adhaerescit.

178 1357 360 1394 Conclusio
375 1360 482 1392 tertia.
533 1360 657 1398 Locus,
682 1358 739 1393 ubi
761 1371 959 1407 generatur.
984 1360 1030 1394 est
1047 1359 1182 1394 infirnus
1194 1363 1265 1401 aer,
1293 1374 1362 1395 non
1384 1373 1491 1396 autem
1518 1361 1667 1408 suprema
1682 1375 1755 1409 pars

82 1411 195 1446 mediae
206 1411 369 1456 regionis,
395 1406 474 1441 ficut
488 1406 642 1442 Albertus
658 1410 801 1457 Magnus
813 1410 1022 1446 existimavit.
1072 1411 1159 1443 Nam
1178 1421 1248 1443 non
1268 1408 1403 1444 effertur
1420 1411 1471 1445 hic
1483 1423 1584 1456 vapor
1597 1416 1704 1446 tenuis
1715 1414 1756 1446 ad

81 1461 228 1496 medium
240 1460 348 1492 aerem
358 1479 368 1495 ‚
395 1455 560 1492 uribifiat
573 1469 627 1492 ros
638 1481 649 1499 ‚
673 1463 752 1505 quia
763 1458 843 1493 teile
861 1459 957 1494 Arist.
970 1470 992 1492 ι.
1002 1460 1144 1496 Mereor.
1164 1469 1217 1495 10.
1229 1462 1262 1492 in
1277 1458 1450 1496 altioribus
1463 1460 1636 1494 montibus
1646 1473 1757 1508 neque

80 1523 134 1546 ros
146 1533 156 1548 ‚
175 1520 284 1555 neque
295 1507 411 1554 pruina
420 1509 593 1553 reperitur.
644 1506 748 1542 Causa
760 1518 869 1542 autem
884 1507 978 1551 hujus
988 1510 1032 1541 rei
1047 1507 1092 1541 est
1104 1506 1311 1552 imbecillitas
1320 1508 1459 1548 caloris,
1484 1511 1543 1555 qui
1558 1511 1592 1543 in
1608 1521 1756 1556 vapore„

16 1551 19 1589 J
44 1559 45 1562 ’
79 1559 181 1596 inest,
209 1557 287 1592 teste
297 1556 411 1591 eodem
429 1555 679 1594 Arist.10c.cit.*
716 1558 830 1598 Quare
850 1556 1025 1601 humiliori
1046 1558 1082 1590 in
1094 1555 1169 1590 loco
1185 1556 1255 1591 fieri
1268 1570 1375 1591 rorem
1389 1558 1558 1603 probabile
1572 1558 1640 1597 cst;
1665 1561 1758 1606 quod

80 1608 323 1644 veihincetiam
333 1605 480 1643 constat,
506 1607 744 1651 quoniameis‚
770 1608 828 1651 qui
841 1609 903 1640 itet
915 1607 1018 1640 moestu
1039 1603 1184 1643 faciunt,
1210 1607 1306 1652 pedes
1322 1610 1356 1641 &
1375 1607 1471 1641 calcei
1492 1619 1565 1640 rore
1582 1609 1659 1641 lunt
1683 1620 1758 1641 coa-

79 1656 174 1705 sperli
190 1653 372 1700 linealiqua
383 1653 590 1700 supetiorum
604 1657 747 1695 partium
757 1655 1018 1700 bumedlmtioneq
1048 1698 1050 1701 v
1070 1653 1245 1699 Copiofior
1263 1667 1396 1694 tamen,
1421 1660 1455 1690 δε
1479 1653 1685 1703 frequentior
1701 1659 1757 1691 in...

74 1707 154 1742 locis
172 1704 318 1740 humidis
337 1708 371 1738 &
393 1701 602 1749 pallustribus
619 1705 781 1749 reperitur
804 1704 904 1750 quim
922 1703 1030 1740 aridis.
1084 1702 1211 1737 Idcirco
1225 1704 1404 1739 fluminum
1415 1707 1491 1752 tipae
1501 1704 1613 1752 paffim
1624 1707 1761 1750 rorele3

76 1766 202 1804 guntur
211 1779 226 1798 ‚⁴
244 1753 321 1789 crim
335 1754 451 1801 agri&
464 1751 542 1787 fleca
555 1752 619 1788 alia
630 1754 700 1787 loca
710 1751 807 1788 nullo
816 1764 955 1788 externo
965 1754 1105 1786 humore
1113 1751 1374 1798 perfunduntur.

176 1815 357 1852 Conclusio
365 1828 494 1862 quarta.
543 1818 691 1863 Tempus
701 1818 767 1850 rori
777 1819 968 1864 generando
977 1811 1283 1861 commodissimum
1299 1818 1345 1853 est
1355 1830 1409 1853 ver
1419 1822 1454 1853 &
1463 1829 1659 1857 autumnus,
1679 1821 1758 1867 quia

77 1879 157 1903 tunc
171 1877 307 1911 vapores
320 1865 396 1899 sunt
404 1865 540 1911 plurimi
553 1889 564 1905 ‚
592 1869 697 1901 nimio
705 1868 794 1899 enim
807 1866 922 1900 ardore
932 1869 964 1900 in
974 1867 1081 1901 aestate
1090 1865 1210 1899 humor
1223 1866 1431 1915 absumitur3
1457 1868 1574 1914 hyeme
1596 1866 1676 1903 vero
1694 1881 1754 1913 pa-

77 1930 150 1953 rum
169 1916 317 1950 humoris
338 1913 383 1947 ob
395 1925 488 1948 terrae
502 1915 770 1949 constriffionem
794 1915 954 1948 evehitur.
1008 1918 1162 1948 Attamen
1173 1913 1259 1948 coelo
1273 1913 1388 1962 pluvio
1400 1940 1411 1955 ‚
1431 1927 1488 1950 aut
1506 1916 1624 1951 nubilo
1642 1940 1652 1955 ‚
1677 1915 1760 1953 ficut

78 1978 187 2012 neque
204 1965 306 1999 flante
326 1969 426 1998 v'ento
446 1976 516 1997 nun
535 1963 610 1999 sunt
627 1975 736 2003 rores,
760 1964 837 2008 quia
854 1962 970 1998 nubilo
986 1962 1070 1997 coelo
1084 1962 1186 2011 pluit,
1202 1976 1271 1998 non
1285 1975 1395 2010 rotatg
1419 1969 1455 2000 &
1469 1976 1587 2000 ventus
1601 1966 1760 2001 rorifluos

77 2017 233 2052 humores
242 2013 412 2059 dispergit.
463 2012 625 2060 Praecipue
637 2015 737 2046 etiarn
749 2012 851 2046 noctu
863 2016 897 2046 δε
907 2012 1057 2047 diluculo
1068 2013 1188 2046 decidit
1199 2040 1211 2057 ‚
1239 2014 1330 2061 quod
1349 2026 1432 2049 terra
1443 2015 1460 2049 a
1470 2014 1546 2048 Sole
1558 2014 1666 2049 aversa
1675 2026 1760 2049 tunc

77 2062 220 2100 maxime
238 2062 463 2109 refrigeretur.
519 2061 584 2096 Ubi
604 2062 789 2096 notandum
801 2084 811 2098 ,
829 2060 887 2095 etsi
912 2061 982 2095 tota'i
1001 2063 1099 2095 noste
1120 2061 1315 2098 descendant
1330 2075 1467 2110 vapores
1485 2065 1524 2097 ad
1537 2076 1645 2098 rorem
1657 2077 1763 2111 gene-,

78 2114 217 2149 randum
236 2137 245 2152 ,
265 2116 300 2147 &
317 2111 455 2159 quidem
474 2109 680 2145 sublimiores
704 2107 849 2148 tardius,
875 2123 945 2145 tum
964 2113 1040 2158 quia
1058 2110 1191 2145 altiores
1214 2111 1307 2150 sunt,
1332 2124 1402 2147 tum
1420 2115 1496 2160 quia
1513 2112 1648 2160 fingulae
1658 2124 1760 2160 guttae

80 2165 224 2197 minores
238 2170 250 2245 ἰ
277 2164 471 2200 hictamen,
497 2163 556 2208 qui
573 2160 693 2196 ultimo
709 2159 796 2195 cadit
812 2161 982 2206 presertim
993 2162 1028 2195 in
1041 2162 1132 2206 Majo
1149 2171 1161 2206 ς
1186 2158 1266 2196 ficut
1279 2161 1477 2198 &aestivusa
1489 2162 1669 2207 Chytnistis
1679 2174 1762 2209 pte:

82 2211 177 2246 batur
187 2225 235 2246 me
252 2214 314 2249 ior.

181 2278 312 2320 Qaeres
327 2298 337 2314 2
353 2279 490 2324 quinam
500 2273 561 2310 fint
569 2272 707 2310 effeetus
719 2273 829 2310 roris?
857 2273 1078 2320 Relpondeo:⁵
1095 2272 1226 2309 hoseffe
1244 2276 1350 2310 varios
1367 2278 1401 2310 δε
1416 2276 1648 2316 admirandos,
1672 2283 1762 2324 quo-².

86 2326 299 2368 rum'primus
315 2326 374 2364 est.
424 2328 558 2360 Gratam
578 2325 743 2372 quandam
769 2329 803 2360 &
824 2325 927 2359 levem
946 2323 1225 2357 humetstationem
1243 2335 1335 2359 terrae
1346 2322 1509 2365 affundit,
1534 2326 1599 2374 qua
1608 2325 1764 2362 herbae&

89 2371 203 2420 fruges
215 2385 398 2410 recreantur
409 2399 418 2414 ‚
433 2388 475 2410 ne
486 2374 632 2409 arescant
644 2384 655 2419 3
684 2373 890 2421 peculiariter
901 2372 1032 2407 confert
1044 2372 1085 2406 ad
1094 2373 1319 2408 admirandam
1334 2378 1369 2409 &
1380 2375 1473 2409 valde
1487 2375 1661 2421 pretiosam
1674 2377 1764 2410 tadi..

88 2435 156 2457 cem
168 2421 333 2458 sinentem
348 2427 448 2469 Sinfen
459 2424 559 2471 vulgo
573 2425 707 2458 dictam.
757 2423 909 2457 Testatur
919 2423 950 2456 id
962 2422 1078 2455 litteris
1090 2422 1279 2468 Rumphius
1304 2423 1343 2457 ad
1354 2423 1559 2459 Menzelium
1573 2436 1586 2462 1
1595 2427 1676 2470 684„
1687 2422 1762 2458 scri-

89 2474 154 2518 ptis
165 2474 198 2505 in
212 2471 299 2506 hunc
309 2475 466 2512 modum:
490 2485 646 2520 quaerunt
658 2472 749 2507 illam
759 2476 792 2506 in
806 2472 936 2520 frigidis
948 2474 982 2505 &
995 2472 1091 2505 nudis
1103 2472 1213 2518 Regni
1227 2473 1330 2506 Sinici
1343 2473 1539 2522 montibus,
1564 2473 1667 2521 idc'lue
1677 2472 1763 2507 sere-

87 2521 130 2555 ne‘i
145 2522 242 2555 noete
256 2520 458 2568 fulgentibus
469 2523 560 2557 astris
569 2523 650 2556 stato
661 2533 812 2567 tempore
822 2545 831 2559 ,
848 2522 984 2566 quando
994 2521 1085 2554 radix
1095 2519 1148 2553 illa
1161 2520 1330 2567 paululum
1339 2522 1434 2570 supra
1447 2535 1566 2558 tertam
1577 2521 1763 2561 eXtubcrat‚

86 2582 125 2605 ut
136 2583 243 2605 torem
257 2569 347 2605 bibat
360 2581 371 2614 3
397 2575 467 2608 Ros
488 2583 599 2606 autem
616 2572 716 2606 radici
741 2572 827 2606 bunc
838 2568 1158 2617 illapsusfacitillam
1172 2583 1243 2604 non
1264 2571 1345 2605 nihil
1356 2571 1524 2618 splendere
1535 2574 1606 2607 luce
1619 2570 1764 2618 quadam

86 2620 217 2666 astrali,
239 2621 328 2666 qnod
340 2620 463 2668 signum
473 2632 654 2670 quaerentes
666 2619 911 2655 secutidilutam
924 2617 1043 2654 calcem
1068 2621 1103 2652 in
1123 2631 1197 2654 eum
1217 2619 1318 2655 finem
1328 2621 1568 2656 secumillatarn
1578 2621 1654 2654 loco
1669 2643 1679 2659 ‚
1704 2618 1765 2655 ubi

86 2669 192 2705 lucem
209 2672 401 2708 advertunt,
424 2670 558 2705 illinunt
571 2694 578 2708 ,
600 2668 964 2717 diemqueexspe&ant.
1014 2668 1190 2716 Postquam
1201 2669 1408 2710 diesilluxit‚
1435 2682 1588 2705 montana
1598 2679 1766 2714 repetunt,

86 2723 122 2756 &
132 2732 339 2767 quaecunque
360 2718 430 2754 loca
442 2720 525 2754 calce
535 2719 619 2754 illita
631 2722 825 2758 inveniunt,
842 2716 954 2753 effoffa
966 2718 1068 2752 humo
1078 2716 1320 2762 perscrutantur
1329 2743 1340 2758 ‚
1366 2722 1487 2755 radices
1497 2722 1646 2753 inventas
1656 2717 1766 2754 secum

85 2768 276 2815 asportant,
298 2774 332 2804 &
356 2771 390 2803 in
410 2768 524 2805 umbra
545 2773 618 2804 ab're
635 2781 745 2803 tamen
769 2767 926 2804 sereno&
941 2770 1055 2813 pervio
1070 2765 1200 2806 siccant,
1252 2770 1302 2803 De
1315 2769 1451 2806 Arabia,
1477 2770 1766 2813 quaeconretmina.

84 2819 131 2854 est
157 2823 304 2866 AEgypto
316 2844 324 2857 ‚
346 2818 623 2853 scribiteAndreas
636 2819 783 2864 Corsalim
792 2818 878 2864 apud
890 2816 1052 2861 Maiolum
1062 2840 1072 2855 ‚
1094 2817 1183 2865 quod
1193 2820 1227 2852 in
1238 2819 1382 2865 quodam
1397 2816 1547 2852 distriau
1560 2829 1664 2865 prope
1683 2818 1768 2852 civi-

85 2880 186 2903 tatem
200 2868 292 2902 Aden
306 2881 365 2903 nec
379 2868 494 2914 pluviae
504 2892 513 2907 ‚
531 2881 590 2903 nec
613 2867 728 2903 fontes
742 2892 751 2907 ,
774 2872 807 2903 &
818 2867 955 2902 flumina
968 2877 1087 2902 terram
1097 2867 1311 2906 humectent,
1328 2866 1547 2902 nihilominus
1566 2867 1765 2902 adecidente

85 2917 208 2952 ibidem
220 2931 293 2954 tore
305 2917 442 2952 mirifice
451 2917 489 2950 ad
501 2916 682 2952 uberrimos
692 2916 819 2953 fructus
828 2915 1050 2951 foecundetur.
1079 2917 1223 2951 Adverte
1234 2927 1354 2956 tamen,
1369 2927 1476 2950 torem
1490 2915 1584 2951 illum
1599 2916 1696 2952 rebus
1707 2922 1769 2950 nar*

85 2966 251 3002 {centibus
261 2969 480 3002 adhaerentem
493 2969 631 3001 noxium
641 2965 725 3007 effe,
745 2968 850 3014 quiin
864 2977 981 3014 magna
997 2965 1071 3001 coeli
1092 2969 1247 3002 varietate
1262 2988 1272 3004 ‚
1295 2967 1392 2999 etiarn
1414 2964 1490 3000 cnm
1512 2965 1569 3002 sol
1584 2964 1733 3015 splendet
1755 2971 1767 3003 ,ᾗ

87 3017 313 3054 minutiffimis
324 3021 428 3066 guttis
441 3016 583 3052 facile&
593 3016 659 3053 line
670 3017 807 3065 strepitu
818 3015 981 3051 delabitur
995 3038 1006 3057 ‚
1031 3026 1167 3053 vocatur
1180 3013 1367 3061 germanice
1382 3012 1538 3056 ῗῦἶίῑῦαιι.

1604 3119 1772 3157 Secundus
