2060 3444
735 159 742 169 .
936 159 946 170 .
982 163 994 169 r
1031 162 1044 171 c
1116 168 1119 170 .
1149 168 1152 171 .
1217 165 1227 174 ,

419 219 422 223 ,
532 221 535 226 1
652 143 1252 234 ῬΙυΙοΓοΡΙῃεο-Ροίῑῑῐεαί
1687 169 1809 238 269

125 237 211 266 'num
223 230 390 281 integrum
398 233 443 270 'ab
454 238 522 282 ejus
533 237 598 272 Ῑὸσὶ
610 238 728 273 incolis
738 241 818 275 mira
827 253 894 276 arte
903 238 1111 290 exsculptum
1122 246 1204 277 &ex
1213 243 1311 280 omni
1321 242 1412 293 parte
1419 243 1622 294 diaphanu'm
1632 246 1808 294 speuarur.

125 281 248 316 Multis
256 288 380 318 viribus
391 291 425 323 ἃς
439 286 618 322 virtutibus
625 288 807 334 Crystallus
816 290 939 338 pollere
948 291 1082 331 dicitur.
1132 293 1313 338 vertiginis
1326 299 1479 342 inprimis
1488 307 1622 343 putatur
1635 295 1746 339 hostis,
1769 304 1804 335 δέ

124 339 167 386 eat
179 333 245 374 ejus
254 333 393 378 poculo,
417 335 507 370 illius
518 335 643 370 bibitu'r
654 338 775 385 gratia,
829 342 956 374 Contra
969 345 1132 377 venenum
1144 344 1282 387 praelens
1295 347 1479 381 remedium
1489 346 1653 384 censetur.
1705 350 1757 382 Ad
1767 347 1807 383 fi-

124 388 185 413 tim
195 383 231 414 &
244 382 394 417 ardorem
403 384 581 419 levandum
604 387 758 421 virtutem
768 389 805 421 ha
812 386 877 422 bet.
907 416 911 419 -
1180 427 1187 430 .

221 430 402 467 Conclusio
422 446 535 480 quara,
590 435 731 469 Adamas
741 435 889 483 lapidum
899 434 1006 471 ferme
1015 438 1165 476 omnium
1177 443 1211 477 &c
1221 453 1426 489 gemmarum
1439 441 1727 489 praestantiffimus,
1737 443 1797 479 du-

116 477 260 513 'riffimus
271 486 304 515 &
323 482 610 528 pondetofiffim'us
623 507 633 523 ,
659 484 757 518 instar
767 496 858 532 aquae
871 486 1053 533 diaphanus
1070 494 1105 525 &
1124 490 1357 528 translucidus.
1394 491 1486 526 Illius
1500 493 1637 527 durities
1649 503 1801 527 commu·

115 536 196 562 nem
213 532 338 563 caulam
351 532 447 565 habet
461 555 470 569 ,
497 533 558 565 hoc
571 531 616 565 est
629 533 765 567 multam
788 541 908 569 'terram
920 547 994 569 curn
1008 538 1184 574 arstiffimo
1200 542 1343 588 partium
1354 541 1451 586 plexu
1467 554 1502 575 ac
1515 552 1669 588 praeterea
1680 553 1719 575 ex
1733 541 1798 575 hu·

113 587 211 612 more
224 579 350 624 optime
359 581 496 627 digesto.
545 582 609 614 l-lic
619 583 676 626 (ut
689 584 822 630 quidam
845 583 984 628 volunt)
996 586 1046 619 vel
1059 598 1150 622 extra
1158 601 1275 623 aurum
1287 588 1448 633 nascitur3
1474 591 1524 624 vel
1535 594 1568 624 in
1579 602 1671 625 auro.
1697 593 1798 624 Extra

117 637 235 661 autum
245 629 389 662 nascitur
399 629 520 661 Indicus
530 628 685 664 avellana
696 635 784 666 nucis
796 635 1027 679 magnitudine
1039 657 1049 673 ,
1074 639 1109 670 ὃς
1122 637 1296 672 *Arabicus
1311 637 1371 671 ilio
1384 641 1505 673 minor,
1552 642 1589 673 in
1603 651 1678 674 auro
1690 639 1794 674 nasci.

115 686 170 710 tur
183 687 214 714 1.
227 678 366 711 Adamas
378 680 528 712 Cemhros
541 679 646 713 dictus
660 703 669 717 ,
695 680 777 715 milii
795 693 900 728 grano
919 685 1147 729 magnitudine
1158 686 1370 734 respondens,
1398 698 1431 724 2.
1446 689 1682 723 Macedonicus
1694 700 1795 723 cucu-

115 727 330 760 metisiemen
342 739 485 774 aequans.
514 738 544 767 3.
563 730 653 778 Cyprii
663 742 698 762 us
706 733 777 764 aerei
787 730 920 768 coloris.
948 744 984 777 4.
997 733 1143 768 Siderites
1154 735 1262 770 ferreo
1270 735 1383 770 colore
1396 736 1528 782 fulgens
1539 760 1548 774 ‚
1575 749 1718 784 quotum
1731 749 1792 784 ΡΟ·

110 775 261 809 steriotes
271 776 339 809 duo
349 777 527 823 degeneres
539 779 712 815 haoenrur.
763 780 954 814 Adamantis
966 781 1176 827 perspicuitas
1193 788 1227 820 &
1241 784 1353 832 fulgor
1371 787 1404 818 in
1420 797 1579 831 potorum
1597 790 1630 820 δε
1643 786 1789 820 lamella-

111 832 209 865 t‘u‘m,
232 836 274 858 ex
292 825 413 872 quibus
436 827 580 864 constat,
607 826 857 873 diipofitionem
875 839 983 878 aptam
1008 833 1047 863 ad
1061 831 1295 868 reftaffionem
1309 833 1533 881 lulgurantem
1552 835 1632 869 lucis
1643 835 1792 870 refundi-

105 872 170 912 tur.
219 875 392 908 coeterum
402 878 550 921 puriores
561 877 749 911 adamantes
770 877 922 917 illisum,
948 881 1055 925 quiex
1067 882 1237 917 montibus
1253 895 1436 921 eruuntur,
1461 885 1546 921 &iu
1563 887 1620 931 qui
1632 886 1785 931 quando-

105 935 172 970 que
183 926 328 958 concreti
343 926 378 957 in
403 927 513 959 medio
534 924 666 958 alterius
686 925 802 972 lapidis
817 928 1123 973 deprehenduntur.
1183 930 1359 966 Praefertur
1374 932 1504 966 indicus
1529 932 1545 964 ὲ
1558 945 1637 979 rupe
1649 936 1761 980 potius
1772 956 1784 972 ‚

102 972 203 1020 quam
216 971 456 1021 terra‘effosu53
483 976 616 1019 quidam
630 985 739 1008 tamen
750 979 915 1021 optimum
927 977 1060 1010 censent
1070 1001 1080 1016 ‚
1102 981 1162 1026 qui
1182 983 1219 1014 in
1238 980 1431 1015 fluminibus
1440 983 1614 1027 repetitur.
1667 985 1786 1017 Varius

106 1020 274 1056 illiscolor
287 1024 332 1056 est
343 1045 354 1061 ,
385 1026 589 1070 quandoque
607 1036 694 1057 enirn
709 1025 856 1058 flivelcir
867 1049 876 1064 ‚
900 1030 938 1059 'ut
956 1027 1103 1072 ‘Topactus
1117 1056 1128 1073 ‚
1154 1031 1355 1076 quandoque
1374 1029 1548 1063 subviridis
1563 1033 1595 1064 ὅ(
1607 1031 1785 1070 coeruleus.

69 1092 71 1095 -
103 1069 321 1105 Confricatus
332 1072 433 1106 noaestu
446 1073 532 1106 lucet
544 1095 553 1110 ‚
582 1076 615 1106 ὁ(
631 1072 783 1108 scintillat
796 1073 928 1107 collisus
945 1074 989 1108 ob
1004 1077 1186 1122 igniculos,
1212 1077 1385 1125 exquibus
1399 1079 1536 1113 constat.
1563 1080 1783 1125 TestaturJo.

101 1130 206 1153 annes
219 1123 312 1167 Bapt.
328 1122 512 1155 Tavernier
526 1120 660 1155 celebris
671 1135 742 1168 gem
750 1125 911 1157 mariusin
924 1125 996 1161 itin,
1007 1126 1163 1162 Orient.l
1187 1140 1218 1163 2.
1230 1139 1258 1164 c.
1275 1128 1326 1164 18.
1339 1130 1372 1161 in
1386 1127 1540 1162 Indostan
1553 1126 1610 1162 fibi
1623 1133 1783 1175 grandem

97 1169 218 1216 Mogol
235 1168 629 1218 exhibuiffeadamaqtem
645 1173 764 1206 eximie
775 1171 972 1219 pellucidum
987 1175 1023 1207 in
1035 1172 1141 1209 forma
1155 1178 1210 1210 ovi
1223 1177 1535 1223 dimidiigsslinarii.
1584 1180 1692 1222 Hujus
1709 1190 1781 1225 pte.

98 1219 181 1252 tium
192 1220 278 1253 idem
293 1221 416 1253 taxavit
434 1230 563 1267 117232.
581 1221 636 1264 78.
667 1224 863 1255 Francorum
887 1233 899 1257 1
917 1234 952 1268 4.
976 1222 1149 1258 stibiorum
1165 1248 1174 1263 ,
1195 1235 1226 1265 3.
1240 1224 1430 1263 obolorum.
1485 1228 1628 1272 Magnus
1645 1240 1783 1274 quoque

96 1268 178 1302 Dux
188 1267 360 1302 Florentiae
370 1268 468 1303 alium
480 1268 637 1303 asservare
645 1270 766 1304 dicitnr
774 1272 900 1305 eximiae
912 1272 1091 1306 venustatis
1100 1296 1110 1311 ‚
1135 1285 1305 1321 computat
1322 1277 1390 1320 ejus
1401 1279 1543 1321 pretium
1555 1277 1652 1320 joan.
1670 1279 1776 1315 chr.

96 1317 226 1363 Seyfrid
244 1333 253 1351 ι
267 1321 420 1363 304167.
447 1318 665 1356 florenorum.
717 1319 876 1363 InMedul
896 1323 976 1357 Μὶν,
991 1322 1088 1358 nard,
1101 1334 1131 1358 2.
1140 1335 1166 1356 e.
1182 1334 1212 1367 ς,

193 1369 350 1409 Quaetes,
372 1380 453 1402 num
478 1379 589 1401 verum
604 1366 665 1406 fit,
691 1369 781 1416 quod
793 1379 881 1402 tanta
895 1373 963 1416 ejus
985 1368 1021 1404 sit
1033 1370 1192 1410 durities,
1217 1382 1253 1406 ut
1267 1384 1308 1407 ne
1324 1371 1433 1407 mallei
1447 1374 1582 1420 quidem
1594 1372 1692 1408 ferrei
1704 1374 1779 1408 idti-

94 1413 155 1451 bus
166 1418 277 1465 cedat,-
300 1429 407 1464 neque
418 1417 549 1464 ignibus
560 1427 719 1451 atteratur
731 1444 743 1462 ,
762 1417 815 1451 sed
838 1416 941 1452 solum
963 1419 1093 1454 hircino
1112 1419 1269 1468 sanguine
1284 1421 1392 1455 calido
1402 1425 1436 1457 ὃς
1448 1427 1569 1457 recenti
1580 1421 1754 1470 frangatur
1767 1447 1778 1464 ‚

97 1466 271 1500 maxamefi
288 1466 419 1514 aliquot
439 1477 514 1500 ante
536 1465 605 1499 dies
624 1466 735 1501 hircus
757 1467 957 1514 petroielino
973 1490 982 1506 ‚
1008 1472 1041 1503 δε
1054 1468 1145 1504 filere
1162 1482 1324 1505 montano
1337 1494 1346 1509 ‚
1374 1475 1408 1506 &
1429 1474 1509 1506 vino
1534 1470 1572 1506 fit
1592 1472 1775 1512 educatus?

91 1517 315 1561 Respondeo,
339 1519 384 1550 ita
403 1517 538 1562 quidem
562 1514 744 1551 nonnullos
759 1518 855 1550 etiam
877 1529 917 1551 ex
935 1517 1174 1553 recentioribus
1187 1518 1306 1553 sentire
1319 1519 1526 1566 profitentes,
1539 1533 1695 1568 magnum
1710 1521 1775 1557 hoc

87 1564 282 1600 erienamrae
295 1564 487 1600 miraculzm
501 1564 686 1611 miramque
694 1564 779 1599 hanc
794 1566 985 1600 Adamantis
997 1570 1030 1601 &
1044 1567 1161 1602 hircini
1175 1567 1340 1615 sanguinis
1358 1572 1424 1605 vim
1445 1574 1477 1604 δε
1489 1569 1718 1605 dissensionem
1732 1582 1774 1604 ex

89 1614 318 1649 occultacausa
328 1618 537 1662 promanare.
588 1614 712 1648 Verum
732 1617 933 1649 contrarium
956 1618 1019 1657 jam
1039 1617 1237 1662 experientia
1260 1618 1386 1652 constat
1400 1643 1409 1658 ‚
1435 1606 1513 1653 nffm
1535 1622 1617 1653 &in
1634 1619 1771 1654 §cobem

88 1663 210 1699 malleo
223 1666 404 1712 redigitur,
431 1667 465 1700 &
476 1661 585 1698 ferreo
594 1666 745 1698 atteritur
755 1663 894 1711 pistillo;
908 1666 978 1710 igni
991 1669 1112 1712 pariter
1125 1667 1230 1707 cedit,
1256 1670 1290 1701 δε
1306 1671 1339 1701 in
1352 1667 1475 1703 calcem
1486 1668 1621 1702 flamma
1634 1670 1772 1703 diutur-

85 1724 127 1748 na
139 1714 312 1761 redigitur.

182 1766 297 1799 Varias
309 1775 419 1800 tamen
429 1763 506 1798 alias
519 1767 732 1812 proprietates
744 1767 779 1800 δε
790 1761 926 1799 effeetus
940 1761 1038 1800 habet
1050 1764 1199 1800 Adamas.
1212 1764 1324 1800 Primo
1336 1767 1426 1800 enim
1439 1768 1469 1800 vi
1480 1765 1633 1802 eleusina
1643 1766 1771 1814 pollet,'

82 1823 121 1848 ut
142 1810 324 1851 succinum.
377 1814 530 1848 Secundo
551 1837 562 1853 ,
598 1813 767 1860 pulverem
788 1813 878 1848 illius
901 1816 1115 1862 propinatum
1133 1813 1352 1860 dysenteriam
1373 1818 1531 1862 gignere,
1561 1817 1660 1863 paulo
1678 1819 1769 1850 enim

85 1864 193 1897 actius
205 1863 358 1897 intestina
373 1863 503 1898 vellicat
516 1887 527 1901 ‚
560 1875 591 1897 at
607 1864 713 1901 laedit,
738 1875 813 1897 cum
837 1864 940 1910 digeri
962 1875 1136 1910 nunquam
1161 1863 1270 1910 poffit.
1323 1866 1486 1908 Quamvis
1500 1869 1532 1899 δε
1547 1866 1609 1899 hoc
1622 1865 1720 1900 multi
1733 1867 1770 1900 in

81 1913 223 1946 dubium
231 1923 388 1948 revocent
401 1912 554 1946 testantes
567 1935 577 1950 ,
602 1914 694 1959 quod
713 1914 876 1958 mancipia
887 1912 1048 1958 quosdam
1059 1915 1294 1946 devoraverint
1307 1941 1319 1960 ‚
1346 1924 1383 1946 ut
1398 1911 1525 1948 furtum
1538 1924 1697 1960 tegerent,
1713 1916 1769 1948 in-

78 1961 255 2010 tegrosque
268 1961 361 1996 illaela
369 1961 509 2009 exegisse
518 1960 720 2003 valetudine,
772 1963 862 1995 Hinc
872 1961 1036 1995 drachmae
1050 1964 1148 1998 unius
1158 1965 1303 2008 pondere
1314 1961 1372 1996 sub
1383 1961 1489 1996 forma
1500 1964 1522 1996 s(
1531 1963 1601 1997 obis
1612 1965 1771 2010 propina-

80 2022 133 2046 tus
146 2024 215 2046 non
230 2015 333 2059 magis
353 2035 363 2050 ‚
389 2013 489 2059 quam
503 2013 594 2057 panis
607 2009 749 2045 obfuisse
759 2011 892 2046 dicitur.
944 2009 1110 2048 Cardaml.
1129 2022 1157 2044 ε.
1180 2012 1271 2048 transt.
1306 2022 1334 2057 ς,
1352 2011 1490 2048 contrad.
1507 2023 1540 2054 9,
1566 2013 1766 2047 Fabuloium

81 2053 311 2099 veroomnino
322 2061 387 2099 est,
414 2060 506 2108 quod
517 2058 641 2094 ferrum
657 2061 841 2095 Adamante
857 2059 982 2094 tactum
1001 2061 1040 2094 ad
1060 2059 1322 2107 septentrionem
1336 2059 1365 2094 se
1382 2059 1412 2095 se
1423 2072 1617 2105 convertat3
1645 2061 1765 2109 quoda

80 2114 185 2158 mtgis
198 2122 350 2159 portatus
359 2109 397 2145 fit
407 2122 536 2158 gemma
551 2109 832 2144 reconciliationis
845 2132 855 2148 ‚
881 2107 1089 2144 fortitudinis
1102 2113 1136 2145 &
1148 2110 1336 2145 constantiae
1348 2133 1358 2150 ,
1384 2115 1474 2158 quod
1489 2111 1619 2146 sinistro
1630 2110 1767 2145 brachio

78 2160 231 2208 alligatus
241 2161 423 2196 noeturnos
431 2170 537 2194 arcent
546 2161 683 2193 timores
693 2160 892 2193 &terrentia
908 2156 1047 2195 somnia.
1793 2164 1796 2168 ’

174 2209 354 2245 Conclusio
368 2213 498 2256 quinta.
548 2208 699 2256 Reliquae
713 2209 832 2254 species
845 2220 1051 2255 gemmarum
1069 2210 1239 2254 praecipuae
1254 2208 1426 2255 sequentes
1447 2208 1533 2247 lunt.
1562 2207 1674 2243 Primo
1687 2209 1767 2252 Sap*

78 2259 200 2306 phyrus
209 2260 254 2294 est
266 2272 397 2307 gemma
423 2270 630 2304 transparens
640 2281 650 2296 ,
677 2256 796 2304 magna
811 2258 974 2292 duritie&
987 2257 1108 2292 coelesti
1122 2257 1233 2292 colore
1248 2258 1394 2304 praedita.
1449 2261 1484 2292 lu
1497 2261 1627 2293 oriente
1637 2258 1763 2304 potiffi-

77 2309 173 2342 mum
187 2312 219 2343 &
229 2314 263 2344 in
273 2311 363 2343 India
375 2308 517 2343 nascitur
530 2331 540 2346 ‚
569 2311 601 2343 &
623 2309 770 2354 optimus
784 2305 1085 2354 habetur‚qu'ialbis
1097 2306 1186 2354 quafi
1200 2305 1372 2341 nubeculis
1384 2305 1541 2355 refulget.
1592 2308 1686 2341 Coete
1694 2320 1768 2342 rum

74 2359 234 2406 quoniam
245 2361 349 2394 aureis
362 2359 494 2405 punctis
505 2356 662 2396 collucet,
689 2358 858 2391 interdum
882 2359 981 2390 etiarn
995 2355 1067 2390 alba
1085 2356 1148 2394 est,
1176 2358 1286 2390 minus
1304 2356 1418 2390 testea
1433 2358 1608 2391 Scribonio
1623 2355 1767 2390 refertur

73 2408 163 2441 inter
171 2418 315 2453 gemmas
326 2407 469 2442 eundem
479 2408 513 2441 in
525 2405 682 2440 omnibus
710 2404 878 2452 speciebus
901 2404 1045 2440 colorem
1060 2407 1252 2443 retinentes,
1304 2407 1439 2440 Virtute
1455 2404 1768 2451 pollerconfortati-

73 2468 125 2494 va,
154 2457 262 2490 cordis
279 2455 489 2491 laetificativa.
542 2457 675 2490 Dicitur
696 2452 900 2493 sordescere,
941 2454 1016 2488 curn
1035 2465 1188 2500 portatur
1203 2454 1244 2489 ab
1263 2454 1402 2490 homine
1419 2457 1565 2502 impuro.
1619 2455 1765 2490 Veneni:

71 2505 167 2541 valde
181 2503 308 2543 resistit,
327 2505 476 2553 prodesse
488 2505 632 2539 creditur
646 2503 750 2538 oculis
763 2531 774 2548 ‚
801 2502 972 2551 visumque
984 2504 1190 2539 conservare.

169 2554 590 2600 Secundo,Smatagdusest
600 2565 729 2601 gemma
739 2563 961 2599 transpatens‚
986 2552 1114 2599 fragilis
1125 2578 1137 2597 ‚
1163 2553 1243 2587 dura
1261 2564 1371 2588 tamen
1393 2576 1404 2591 ,
1431 2553 1545 2587 viridis
1560 2551 1681 2586 coloris
1693 2550 1765 2586 imo

67 2606 225 2640 omnium
257 2616 461 2650 gemmarum
493 2605 672 2638 virentium
693 2604 861 2649 princeps.
911 2603 1053 2648 Scythici
1070 2603 1217 2637 melioris
1227 2613 1313 2636 notae
1332 2601 1526 2648 multiplicis
1540 2598 1757 2646 {pecieisurm

63 2655 227 2702 Optimos
239 2654 356 2689 dicunt
370 2656 435 2688 coti
452 2652 560 2698 Lydiae
576 2650 742 2689 affricatos
759 2663 876 2686 aeream
893 2652 1056 2686 maculam
1075 2652 1276 2699 relinquere.
1302 2654 1427 2687 Geuuae
1436 2651 1621 2685 custoditur
1631 2649 1764 2684 sanetus

65 2705 231 2740 Crater-in
250 2701 388 2738 sacrario
407 2700 523 2749 templi
541 2704 700 2741 maximi.
725 2699 895 2748 tefe'ttque
914 2699 1067 2736 immenfi
1091 2704 1187 2749 pretii
1203 2701 1439 2748 smaragdum,
1464 2709 1631 2745 gemmam
1643 2698 1765 2733 scilicet

66 2754 276 2802 hexagonam
289 2777 300 2794 ‚
326 2752 451 2787 escariae
461 2753 593 2798 patinae,
613 2752 717 2786 modo
729 2760 916 2786 excavatarn
929 2772 940 2788 ,
964 2749 1163 2799 partumque
1171 2751 1204 2785 id
1215 2762 1339 2786 munus
1348 2749 1413 2784 fuit
1425 2760 1464 2782 ex
1473 2749 1600 2793 Syriaca
1612 2747 1766 2789 vidtoria'i.

63 2807 101 2840 δε
115 2806 160 2842 Ο.
179 2804 357 2838 Laurentio
371 2799 608 2838 consectatum.
663 2803 774 2843 Jovius
791 2800 824 2833 in
837 2800 986 2843 consalvo.
1016 2803 1129 2836 Fertur
1138 2802 1238 2835 etiam
1253 2800 1425 2834 Neronem
1444 2800 1681 2844 Imperatorem
1691 2796 1763 2846 gla-

62 2854 232 2889 diatorum
246 2850 560 2900 pugnasSmatagdo
571 2860 730 2898 tanquam
744 2847 878 2896 speculo
887 2847 1055 2897 spedhffe3
1080 2851 1168 2885 unde
1180 2848 1430 2884 etiamNeronis
1441 2858 1574 2892 gemma
1585 2850 1698 2881 vocari
1710 2844 1766 2881 so-

60 2902 118 2939 lita
128 2903 186 2940 est.
214 2902 340 2940 eAndr.
352 2903 478 2935 Baccim
489 2899 526 2933 de
542 2904 688 2948 gemmis.
719 2900 834 2933 Virtus
842 2897 935 2934 illius
947 2901 1030 2934 mita
1043 2899 1100 2935 est.
1128 2899 1334 2934 Diatthaeam
1345 2899 1379 2932 &
1394 2907 1510 2931 omnes
1520 2896 1689 2944 (anguinis
1702 2895 1765 2930 flu-

58 2966 121 2989 xus
133 2952 234 2991 sanat.
260 2952 435 2986 Morinum
446 2961 689 2985 venenatorum
702 2947 804 2983 hostis
818 2970 829 2987 ,
859 2951 894 2983 &
906 2946 928 2982 fi
946 2948 986 2983 ab
1005 2951 1044 2984 iis
1062 2951 1214 2983 vincatur
1225 2969 1236 2986 ‚
1262 2947 1445 2992 rumpitur.
1497 2945 1598 2980 Coxae
1616 2944 1767 2980 mulieris

53 3002 209 3048 alligatus
220 3013 353 3048 partum
369 3010 569 3047 promovete
585 3009 597 3044 3
624 2999 738 3034 ventri
750 2996 929 3044 impofitus
939 3001 1082 3034 retinere
1100 2998 1240 3038 dicitur.
1289 2997 1433 3032 Sennert.
1453 2995 1476 3032 l.
1492 2995 1767 3043 5‚epitom.[bient.

53 3053 164 3087 Natus·
173 3063 198 3086 c.
213 3062 246 3096 ς,
285 3050 422 3085 Annulo
437 3047 594 3088 inclutus,
605 3059 661 3083 aut
687 3048 704 3082 21
718 3045 808 3081 eollo
817 3044 1003 3094 suspensus,
1017 3046 1039 3082 fi
1054 3047 1179 3082 nudam
1194 3044 1369 3093 contingat
1382 3055 1530 3089 carnem,
1547 3042 1768 3091 abapoplexia

54 3101 241 3139 conservat.
268 3101 387 3137 mater.
401 3097 425 3135 l.
441 3109 466 3133 t.
482 3094 554 3134 def.
578 3100 693 3132 Fertur
707 3098 808 3131 etiam
819 3094 958 3132 lascivos
972 3108 1084 3132 motus
1101 3092 1329 3142 compescere,
1353 3092 1423 3129 imo
1436 3096 1471 3130 in
1481 3104 1660 3143 corporum
1675 3101 1770 3130 com-3

51 3153 229 3199 mixtione,
253 3147 592 3198 ficontingatcutim‚
622 3145 748 3194 frangi.
777 3146 877 3182 Unde
898 3147 1003 3183 castus
1023 3143 1394 3236 liiilgpisnominatut·
1651 3185 1768 3224 Tetti&

1769 3210 1780 3226 0
