2003 3434
646 125 958 193 Philosophico
974 155 995 162 -
1007 125 1200 177 Politica.
1676 147 1764 197 295

61 215 219 253 ‘naturale
233 216 333 264 quarn
347 216 522 254 faffltium.
571 220 668 266 Apud
685 221 781 254 Indos
794 232 905 255 tamen
918 220 994 255 teste
1005 221 1225 256 Aristotelein
1246 223 1362 266 moral,
1388 235 1430 259 τε
1458 224 1539 260 ade&
1567 224 1709 260 lucidum
1732 230 1768 263 δε

71 279 192 313 purum
202 290 214 307 ,
224 278 284 300 nec
297 278 365 301 non
378 269 530 316 rubigine
540 280 650 303 carens
662 271 817 309 inveniri,
829 280 864 303 ut
875 281 983 316 neque
994 270 1106 304 colore
1120 271 1215 305 distet
1224 271 1263 305 ab
1276 285 1366 309 auro.
1395 276 1456 309 Sed
1468 278 1501 309 &
1517 277 1550 308 in
1563 276 1653 320 Darij
1667 288 1769 321 pocu.

72 317 114 351 lis
124 317 221 351 cados
233 317 415 352 nonnullos
425 320 566 353 inveniri
576 318 683 353 {cribit
696 318 784 353 idem
794 343 804 359 ,
829 321 958 366 quince
968 318 1034 353 alio
1045 319 1142 367 paCto
1153 343 1164 360 ,
1178 319 1276 367 quam
1297 325 1410 364 odore,
1421 327 1501 359 aenei
1515 336 1555 359 au
1578 327 1665 360 aurei
1683 324 1744 359 sint
1756 347 1768 365 ,

69 367 246 401 internosci
259 367 397 414 poliunt.

168 419 303 464 Qaeres
313 418 421 452 tertio.
449 420 532 460 Quae
544 416 746 452 mirabiliora
758 429 856 465 opera
869 431 909 453 ex
917 430 979 453 2re
990 416 1214 454 rec⁹ettleantur
1225 419 1241 458 ⁸?
1252 419 1350 467 Reip.
1365 424 1449 457 inter
1460 425 1564 469 prima
1585 423 1625 457 ab
1639 422 1768 457 Autho-

71 464 163 501 ribus
174 469 291 511 reponi
303 479 433 501 centum
447 479 485 502 ex
497 478 557 501 aere
571 467 642 501 suso
654 467 820 502 Babilonis
831 477 947 514 portas.
976 468 1125 503 Secundo
1135 480 1325 506 numeratur
1336 483 1443 506 aeneus
1455 473 1686 517 amphorarum
1709 474 1769 506 tti-

68 517 160 562 ginta
170 526 359 561 crater,qu0
369 518 511 550 Craelum
525 517 690 550 donarunt
703 519 948 559 Lacedaemonij‚
979 519 1026 551 Ex
1039 520 1155 552 eodem
1167 518 1254 552 tutus
1266 523 1350 566 apud
1363 522 1518 556 Rhodios
1534 521 1607 556 solis
1620 521 1769 556 colonus.

69 566 282 613 Septuaginta
293 567 350 600 ille
363 566 549 600 cubitorum
560 564 739 600 altitudinis
751 567 824 604 fuit,
838 578 871 601 ut
882 567 1008 601 testatur
1019 567 1142 602 Plinius
1153 566 1174 601 l.
1190 577 1245 614 34.
1258 579 1284 603 c.
1300 581 1333 616 7.
1362 571 1433 605 1³0st
1457 571 1767 618 quinquagesimum

69 626 197 651 annum
211 627 302 649 rerrae
312 625 404 649 motu
418 616 612 662 prostratus,
623 616 734 649 multis
745 618 840 650 etiam
848 618 956 661 jacens
970 617 1131 651 miraculo
1143 617 1197 651 est.
1226 618 1317 654 Pauci
1342 621 1483 665 pelicem
1505 622 1571 662 ejus
1593 620 1774 667 amplecta·
1812 616 1820 623 Ν

69 663 202 705 bantur,
233 667 374 711 Maiores
385 675 476 698 erant
487 666 580 710 digiti
592 665 712 710 ,quam
724 666 888 712 pleraeque
899 666 1014 704 statuae.
1044 665 1130 700 Vasti
1143 665 1252 713 specus
1265 667 1443 703 constatstis
1456 670 1588 704 hiabant
1611 672 1772 710 menbris.

69 715 260 751 Duodecim
286 717 382 750 annis
402 715 534 749 tradunt
559 713 712 749 eflectum
737 717 890 750 trecentis
911 714 1051 750 talentis.
1105 718 1201 751 Unde
1225 718 1310 754 inter
1329 716 1450 766 septem
1473 720 1591 754 mundi
1605 718 1765 754 miracula

68 776 229 813 receptus.
602 809 606 813 Ι

168 811 350 850 Conclufio
376 815 481 853 tertia,
509 815 646 848 Ferrum
667 814 712 848 est
722 814 892 851 metallum
905 816 1074 861 impurum
1097 828 1136 849 ex
1152 815 1298 862 plurimo
1317 817 1467 866 sulphure
1486 819 1586 854 crudo
1603 842 1614 858 ,
1626 819 1770 854 terrestri

70 867 107 901 δε
117 866 293 903 adurente,
312 866 347 898 δε
360 866 494 898 modico
502 875 639 911 argento
650 866 727 897 vivo
736 864 883 899 (imiliter
895 867 1028 910 impuro
1040 888 1050 904 ,
1061 866 1222 912 genitum.
1278 867 1437 903 Nativum
1452 870 1486 902 in
1508 869 1633 902 fodinis
1646 871 1773 915 reperi-¹¹

66 926 121 951 tur
139 913 240 948 veluti
254 925 353 960 grana
365 913 419 948 seu
432 913 537 948 mafla.
565 913 756 949 Conflatum
770 927 808 949 ex
819 914 981 962 lapidibus
991 912 1109 949 ferreis
1124 914 1174 948 vel
1190 927 1274 950 terta
1288 916 1582 964 rubra,ferrugine
1599 918 1686 964 quali
1702 917 1771 952 laesa

65 965 277 1012 excoquitur.
334 964 441 1008 Hujus
457 965 575 1009 species
585 966 730 1010 quaedam
743 965 787 998 est
797 964 942 1010 chalybs,
956 967 988 998 δι
1000 964 1044 997 est
1055 964 1178 999 sertum
1198 977 1369 1014 purgatum
1392 970 1426 1001 ὅ(
1452 966 1583 1015 ignibus
1608 967 1719 1002 multis
1736 971 1772 1002 δε

66 1025 227 1061 aquarum
244 1012 356 1048 crebra
368 1014 787 1048 restiuffioneinduratum.
815 1015 851 1048 Et
862 1037 873 1053 ,
887 1023 921 1047 ut
934 1013 1082 1059 loquitur
1097 1013 1285 1049 Aristoteles
1296 1017 1449 1063 ,chalyps
1463 1018 1480 1050 ἃ
1492 1017 1579 1050 terto
1595 1018 1772 1063 distinqui-

66 1076 119 1100 tur
131 1075 287 1109 tanquam
302 1076 370 1109 ejus
381 1063 525 1098 nucleus.
578 1063 717 1098 Nativus
727 1063 860 1110 chalybs
870 1063 951 1098 olim
962 1062 1136 1099 cruebatur
1149 1076 1190 1099 ex
1201 1065 1278 1100 loco
1288 1066 1435 1101 Thraciae
1445 1089 1456 1105 ‚
1469 1065 1525 1101 ubi
1546 1066 1698 1111 chalybes
1710 1078 1771 1113 po.

66 1115 139 1162 puli
165 1113 370 1153 habitabant,

167 1162 350 1199 Conclusio
361 1174 485 1210 quarta.
536 1164 753 1211 Proprietates
765 1165 858 1208 hujus
870 1164 943 1201 funt
955 1163 1064 1212 primo
1075 1190 1085 1205 ,
1094 1168 1183 1213 quod
1196 1164 1230 1201 Gt
1240 1165 1446 1202 duriffimum
1462 1166 1620 1201 omnium
1656 1164 1775 1200 mercii-¹

64 1212 177 1249 lotum
189 1235 200 1252 ,
225 1213 380 1247 duritiem
397 1224 507 1248 tamen
523 1213 604 1248 hanc
620 1216 755 1261 acquirit
774 1226 930 1262 tanquam
945 1227 1001 1262 per
1009 1218 1128 1262 gradus
1140 1229 1196 1263 per
1215 1227 1470 1263 temperaturam
1482 1240 1491 1256 ‚
1519 1228 1595 1250 nam
1623 1217 1767 1250 candens

63 1262 192 1298 ferrum
203 1262 338 1297 mollius
349 1263 406 1302 est,
415 1266 448 1297 δε
460 1263 535 1297 ideo
545 1262 644 1298 facile
654 1267 800 1299 tunditur
811 1278 821 1304 3
832 1267 919 1308 cujus
930 1266 1013 1299 ratio
1025 1265 1069 1299 est
1081 1267 1230 1301 humoris
1243 1265 1419 1301 rarefaffio
1431 1290 1440 1305 ,
1460 1267 1551 1300 unde
1568 1264 1627 1298 nifi
1639 1277 1768 1310 tempe-

64 1314 259 1347 returetiam
273 1312 485 1358 refrigescens
497 1313 632 1347 mollius
647 1314 732 1348 esset.
785 1315 886 1357 Qod
906 1313 927 1347 fi
940 1316 1081 1350 candens
1091 1326 1182 1350 aceto
1200 1316 1525 1362 imtnergatur‚aeleo
1542 1315 1681 1349 durescit
1699 1338 1708 1353 ‚
1734 1324 1769 1349 ut

65 1361 415 1397 malleisintraetabtle
428 1359 594 1408 frangatur
609 1364 721 1400 citius,
743 1362 881 1409 quamle
901 1364 975 1396 duci
993 1365 1130 1409 patiatur
1144 1387 1154 1402 ,
1172 1363 1276 1403 forte,
1297 1367 1373 1409 quia
1394 1376 1519 1400 acetum
1539 1364 1616 1397 serti
1639 1373 1767 1398 meatus

64 1422 242 1460 penetrans
255 1410 336 1446 illud
362 1412 406 1445 ita
426 1411 632 1455 constringit.
684 1413 806 1446 Verum
819 1423 851 1446 ut
863 1414 1024 1445 urdurum
1039 1412 1097 1451 fit,
1114 1413 1237 1448 affiduo
1255 1425 1364 1447 tamen
1382 1416 1439 1447 usu
1457 1415 1637 1446 conteritur·
1652 1435 1662 1451 ‚
1683 1425 1771 1457 quo-

65 1464 155 1496 niam
169 1460 208 1493 ad
219 1461 285 1501 ejus
298 1459 546 1504 generationem
558 1460 667 1491 minus
678 1459 804 1502 argenti
816 1459 883 1491 vivi
901 1457 954 1491 seu
968 1457 1117 1492 humoris
1130 1481 1141 1497 ,
1153 1459 1224 1504 plus
1237 1460 1316 1493 vero
1335 1459 1496 1505 sulphuris
1516 1459 1672 1493 terrestris
1687 1473 1772 1495 con-

68 1512 182 1546 currit.
234 1507 293 1542 Ob
307 1507 444 1542 eandem
456 1506 617 1541 radonem
628 1506 759 1541 difficile
773 1507 916 1553 liquatur
930 1506 1026 1544 ‚cum
1042 1509 1174 1542 modico
1187 1520 1306 1554 nempe
1320 1509 1460 1543 humore
1474 1510 1641 1543 conflet&
1658 1510 1772 1545 aretis-

66 1560 149 1596 fimo
163 1560 303 1605 partium
327 1555 519 1603 complexu.
573 1557 729 1603 Tingitur
739 1556 871 1591 diversis
882 1555 1060 1593 coloribus.
1090 1558 1252 1592 Redditur
1262 1558 1436 1593 caeruleum
1449 1572 1488 1594 ex
1504 1559 1609 1604 lapide
1622 1560 1771 1606 quodam

68 1623 108 1645 ex
122 1608 272 1643 Gallaecia
281 1606 392 1645 allato,
419 1605 535 1640 Simile
551 1605 585 1640 fit
594 1609 648 1640 aeti
661 1619 701 1640 ex
713 1605 866 1648 acetovel
880 1605 1200 1653 aluminegtedditur
1210 1610 1243 1642 &
1255 1606 1381 1648 album,
1392 1608 1412 1642 fi
1422 1608 1545 1643 lamina
1556 1608 1664 1642 ferrea
1673 1609 1771 1644 stant>

73 1659 252 1694 obducatur
264 1679 274 1696 ,
287 1656 427 1691 minime
439 1666 548 1689 tamen
562 1669 618 1702 per
628 1657 691 1690 hoc
704 1667 850 1690 naturam
867 1656 955 1690 luam
970 1667 1098 1707 mutate,
1109 1668 1224 1694 verum
1237 1656 1448 1692 solummodo
1464 1658 1534 1692 aliis
1545 1659 1774 1695 accidentibus

69 1709 256 1746 investitur,
309 1707 518 1744 Accenditur,
531 1708 718 1753 priusquam
729 1705 888 1752 liquefiat,
900 1704 945 1738 ob
955 1707 1021 1748 ejus
1030 1705 1184 1740 duritiem
1197 1709 1230 1740 &
1241 1708 1407 1741 modicum
1422 1708 1596 1741 humorem
1608 1716 1619 1752 3
1635 1709 1773 1744 admoto

65 1770 178 1796 tamen
189 1756 342 1803 sulphure
354 1755 467 1796 {statim
479 1754 646 1800 liquescit,
665 1758 699 1789 ὃς
717 1757 867 1802 guttatim
894 1754 1013 1788 decidit
1030 1777 1039 1795 ,
1066 1764 1165 1801 atque
1181 1756 1345 1801 ingratum
1363 1757 1502 1793 odorem
1521 1756 1688 1793 diffundit.

167 1811 303 1851 Quaeres
314 1804 435 1852 primo.
484 1806 667 1846 Quomodo
678 1806 801 1839 serrum
811 1806 846 1838 in
856 1803 1030 1847 chalybem
1042 1806 1161 1838 mutari
1172 1805 1288 1850 poffiit.
1303 1806 1400 1852 Resp.
1413 1818 1467 1841 me
1477 1808 1576 1854 paulo
1585 1817 1660 1840 ante
1672 1807 1771 1849 hujus

67 1857 330 1900 mutationisjam
347 1853 514 1889 infinuasse
526 1855 680 1893 modurn,
691 1866 810 1900 nempe
820 1852 840 1886 fi
851 1853 994 1887 candens
1010 1863 1101 1887 aceto
1112 1855 1301 1901 imergatur.
1325 1856 1415 1889 Hinc
1427 1857 1679 1890 Lacedaemoniis
1695 1869 1770 1893 mos

75 1907 269 1945 numismata
279 1917 319 1939 ex
332 1903 448 1938 ferreis
462 1902 604 1937 conflare
616 1902 741 1938 baculis
754 1913 864 1940 ‚acero
877 1912 1026 1948 mergere
1043 1903 1232 1942 candentia,
1257 1915 1298 1937 ne
1317 1904 1444 1951 fragilia
1464 1906 1607 1943 reddita,
1627 1907 1662 1939 in
1687 1907 1773 1942 alios

64 1961 339 2006 depromerentur
362 1953 444 1989 usus.
474 1954 666 1987 Plutarchus
694 1956 727 1986 in
738 1955 893 2001 Lycurgo.
946 1949 1131 1987 VVekerus
1149 1952 1228 1987 vero
1244 1956 1325 1988 aceti
1349 1952 1425 1988 loco
1447 1965 1628 1988 atramento
1644 1955 1769 1992 sutorio

66 2010 227 2045 utendum
245 2007 307 2045 ait;
337 2003 508 2037 cardamus
523 2013 628 2038 autem
640 2004 770 2037 cerdice
782 2003 860 2037 mali
870 2002 991 2048 punici.
1042 2003 1206 2037 Omnium
1218 2013 1326 2038 tamen
1343 2006 1460 2039 certius
1471 2002 1694 2050 Magistetium
1710 2007 1769 2047 est,

66 2060 193 2095 ferrum
206 2055 315 2101 saepius
333 2051 581 2092 candefaetum,
602 2052 623 2087 fi
643 2052 992 2100 frigidaeimmergatut
1007 2074 1018 2090 ‚
1038 2051 1160 2086 firmari
1179 2055 1213 2086 in
1225 2052 1408 2099 chalybem.
1460 2058 1492 2089 Si
1505 2065 1612 2088 tamen
1633 2055 1770 2102 chalybs

67 2111 149 2154 saepe
161 2106 324 2142 candescat
338 2127 348 2143 ‚
365 2105 397 2137 ὃ(
417 2103 496 2137 citra
507 2114 627 2137 novam
643 2103 917 2149 temperationem
932 2100 1319 2147 frigescanremollescit,
1373 2104 1495 2139 Pariter
1508 2105 1622 2139 lixivio
1632 2104 1650 2138 ex
1660 2109 1772 2142 cinere

66 2159 196 2195 roboris
216 2158 249 2188 δι
265 2154 350 2188 calce
364 2155 437 2187 viva
447 2153 537 2188 horis
549 2152 672 2188 duabus
690 2153 800 2187 coctus
811 2150 982 2186 rnollescit.

171 2209 305 2248 Quaeres
318 2203 470 2238 secundm
523 2204 644 2237 Utrum
658 2203 780 2237 ferrum
794 2202 889 2236 certis
899 2199 1114 2236 mineralibus
1132 2203 1225 2248 aquis
1235 2202 1425 2238 immersum
1436 2206 1470 2239 in
1479 2216 1519 2240 aes
1529 2207 1762 2247 convertatur?

70 2255 174 2303 Resp,
195 2266 304 2301 patere
318 2254 382 2288 hoc
393 2252 596 2299 experientia
607 2265 646 2287 ex
656 2254 694 2286 iis
703 2275 714 2292 ‚
739 2263 808 2298 quae
819 2251 1015 2286 adduximus
1025 2251 1065 2284 de
1077 2251 1291 2287 mineralibus
1301 2256 1394 2299 aquis
1405 2278 1415 2293 ,
1433 2258 1583 2301 quamvis
1594 2257 1742 2291 censeam
1753 2278 1766 2295 ,

72 2320 143 2344 non
156 2306 217 2341 ess'e
227 2304 396 2351 propriam
408 2301 655 2337 conversionem
668 2305 701 2336 δε
714 2300 954 2336 substantialem
965 2300 1272 2337 transmutationem
1289 2324 1299 2338 ‚
1317 2313 1392 2337 nam
1414 2304 1605 2351 corpuscula
1616 2319 1697 2341 aerea
1707 2317 1767 2352 pet

70 2355 245 2393 minerales
255 2364 355 2400 aquas
366 2352 500 2387 advecta
511 2352 638 2387 laminae
652 2352 729 2386 ferri
742 2353 900 2387 duntaxat
911 2349 942 2384 se
951 2348 1108 2397 affigunt,
1119 2350 1242 2400 suoque
1253 2351 1381 2389 affricta
1395 2353 1508 2390 lenfim
1521 2355 1586 2390 fine
1596 2355 1689 2392 sensu
1697 2367 1772 2391 eam

68 2415 264 2444 extenuant,
277 2413 373 2449 atque
387 2404 429 2436 ita
440 2403 474 2436 in
488 2414 528 2436 aes
538 2413 753 2442 commutant,

172 2459 308 2499 Qua-res
317 2455 426 2488 tertio.
478 2453 575 2487 Unde
594 2451 720 2486 ferrum
736 2450 924 2498 rubiginem
943 2450 1118 2486 contrahat
1143 2453 1161 2492 ‘3
1188 2451 1289 2500 Resp,
1312 2454 1405 2489 Oriri
1430 2455 1513 2490 hanc
1526 2468 1566 2490 ex
1586 2454 1689 2491 halitu
1713 2467 1771 2501 per

73 2518 174 2555 poros
188 2512 381 2549 erumpente
391 2525 401 2543 ,
419 2503 477 2549 qui
487 2501 527 2536 ab
541 2503 674 2537 humida
683 2500 762 2536 ferri
777 2499 943 2547 superficie
953 2499 1070 2534 fistitur
1086 2523 1096 2540 ,
1117 2503 1151 2536 δε
1161 2503 1197 2536 in
1208 2502 1411 2551 ferruginem
1431 2507 1616 2545 concrescit,
1650 2508 1771 2540 Arcent

68 2557 148 2593 vero
167 2554 251 2588 hanc
261 2551 404 2586 medulla
413 2553 587 2586 cervina&
598 2551 710 2586 oleum
722 2574 732 2590 ,
743 2551 783 2586 eo
794 2550 883 2597 quod
893 2549 1065 2584 obstruant
1086 2551 1141 2586 sua
1163 2553 1366 2599 pinguedine
1387 2553 1465 2589 ferri
1485 2567 1583 2599 poros
1603 2579 1612 2593 ,
1628 2566 1669 2588 ne
1692 2566 1773 2598 ρω-

68 2607 175 2643 &Erus
188 2603 307 2638 halitus
315 2612 481 2648 evaporet.
535 2602 584 2637 Ad
593 2601 841 2648 abstergendam
853 2600 931 2634 veto
944 2599 1131 2646 rubiginem
1140 2603 1316 2638 adhibetur
1329 2604 1460 2643 cerum,
1480 2609 1511 2640 δι
1524 2604 1680 2649 Gypsum‚
1694 2608 1770 2639 omi

69 2660 162 2693 nium
173 2664 281 2688 tamen
292 2654 455 2697 optimum
467 2651 632 2686 estoleum
642 2653 765 2691 tartari,
819 2650 872 2684 De
882 2648 1052 2696 ferrugine
1066 2660 1183 2686 notant
1201 2652 1334 2688 alterius
1345 2655 1525 2693 Authores,
1538 2666 1606 2688 eam
1629 2653 1691 2688 elle
1710 2666 1771 2689 na-

73 2718 149 2743 turae
161 2703 400 2747 adstringentis.
455 2702 544 2736 Hinc
553 2701 657 2746 fistit(
673 2713 708 2736 ut
721 2700 851 2735 testatur
870 2700 903 2739 P,
915 2701 1108 2734 Honoratus
1121 2700 1213 2736 Fabri
1228 2704 1319 2743 tra&
1337 2710 1369 2746 3,
1394 2703 1514 2749 Physl,
1526 2715 1559 2741 2·
1577 2704 1596 2748 )
1616 2705 1774 2738 Femina·

68 2769 142 2792 rum
153 2752 313 2801 profluvia
326 2750 371 2784 ob
384 2750 578 2786 vernularum
588 2751 846 2785 obstrue‘tionetn
858 2750 1026 2784 industatn
1036 2773 1047 2788 ,
1067 2751 1173 2786 immo
1183 2752 1321 2797 impedit
1333 2777 1343 2793 ,
1370 2754 1391 2787 fi
1402 2753 1549 2792 bibatur,
1571 2764 1613 2787 ne
1634 2764 1765 2798 partum

72 2805 271 2851 concipiant.
298 2800 356 2836 Ob
369 2802 505 2835 eandem
523 2803 683 2836 tationem
707 2803 740 2835 &
752 2801 856 2845 ipsum
867 2797 996 2834 ferrum
1008 2801 1157 2846 ineptum
1171 2803 1277 2837 reddit
1291 2826 1302 2842 ,
1320 2813 1355 2838 ut
1367 2803 1385 2836 a
1406 2813 1563 2850 magnete
1584 2803 1772 2839 attrahatur.

70 2855 280 2893 observatur
292 2854 389 2886 eriam
401 2851 654 2889 ‚tenaciffimam
666 2849 853 2895 rubiginem
865 2848 906 2884 ab
916 2849 1063 2884 humano
1073 2850 1244 2895 praesertim
1256 2851 1413 2899 sanguine
1424 2850 1545 2887 fetrum
1567 2852 1772 2891 contrahere,

72 2910 161 2947 euius
173 2905 255 2939 ratio
266 2901 310 2936 est
318 2924 328 2940 ‚
338 2902 418 2947 quia
431 2898 557 2947 sanguis
568 2901 688 2936 diutius
698 2901 865 2935 adhaetens
876 2898 1108 2948 profundiores
1119 2902 1242 2937 radices
1252 2903 1317 2947 agit
1327 2925 1337 2941 ‚
1348 2904 1382 2936 δε
1396 2901 1563 2949 glutinoso
1581 2903 1636 2938 suo
1648 2902 1770 2938 humo-

72 2968 108 2993 re
117 2954 243 2990 ferrum
259 2950 454 2987 tenaciffime‘
467 2951 605 2997 stringit.

172 3006 306 3046 Quaeres
316 3000 442 3047 quai-to.
494 3002 575 3042 Quae
593 3000 688 3048 gleba
708 2998 874 3035 miueralis
891 2999 970 3035 ferri
989 2999 1027 3035 fit
1038 3002 1192 3048 optima?
1243 3000 1341 3047 Resp.
1369 3001 1402 3036 Si
1415 3001 1453 3036 fit
1468 3002 1649 3048 ponderosa
1663 3027 1673 3042 ,
1686 3001 1771 3037 bene

74 3055 244 3099 compasta
255 3076 265 3091 ,
287 3052 304 3086 a
315 3062 405 3086 terrae
418 3072 428 3088 ‚
443 3050 530 3088 taxi,
549 3051 803 3097 caeterorumque
813 3050 1049 3086 metallicorum
1062 3061 1238 3098 corporum
1249 3050 1400 3087 societate
1412 3051 1550 3094 sejuncta
1561 3054 1680 3089 eoloris
1693 3063 1773 3095 pru-

75 3107 131 3146 ni,
148 3102 292 3153 persecu
309 3103 466 3137 censetur.
517 3099 682 3136 Ceteram
701 3099 911 3137 metallorum
925 3103 1080 3138 omnium
1098 3113 1183 3140 vena
1197 3100 1277 3137 ferri
1297 3100 1470 3150 largiffima
1478 3102 1535 3147 est,
1584 3100 1770 3156 Cantabria:

1385 3172 1387 3175 .
1663 3160 1768 3187 marr-*2
