2060 3444
592 156 946 232 philosophico
959 196 976 202 -
991 160 1219 217 Politica.
1657 170 1729 227 ,33

55 243 163 281 {onitu
173 244 290 280 mobili
308 253 320 294 g
345 259 380 281 ac
391 247 497 294 fugaci
509 247 709 292 percipiunt.
760 246 969 294 Quandoque
988 258 1097 281 tamen
1109 249 1235 281 tonitru
1244 249 1479 281 continuatum
1500 254 1567 276 non
1586 243 1648 281 est,
1683 243 1736 277 sed

55 297 137 330 echo
157 294 329 331 resonans,
360 300 393 330 &
417 295 586 330 reflectens
604 307 643 327 ex
663 294 805 330 nubibus
831 295 935 330 velex
955 295 1112 330 tractibus
1133 306 1223 330 terrae
1248 295 1400 340 subjectis
1414 317 1424 332 ,
1462 294 1554 340 cujus
1573 294 1733 326 indicium

56 343 108 382 fit,
118 342 138 376 fi
149 356 216 377 non
228 345 312 378 idem
327 343 424 382 sonus
435 341 568 376 diversis
578 354 616 376 ex
628 343 706 378 locis
715 344 893 391 audiretur.
946 343 1086 378 Advette
1094 342 1394 391 etiam,aliquando
1405 342 1534 376 nullum
1550 340 1619 373 fieri
1639 340 1735 374 bom-

58 391 135 425 bum
151 405 208 426 ncc
222 395 336 432 initio,
363 393 412 426 sed
423 390 551 425 tautum
565 393 728 436 quendam
742 392 921 427 tumultum
937 415 947 431 ‚
973 391 1146 426 obscurum
1157 401 1310 427 murmur
1321 421 1334 440 ⁷
1356 404 1437 426 tunc
1452 392 1584 426 scilicet,
1599 391 1732 434 quando

55 440 218 475 exhalatio
229 443 310 485 disjit
321 445 347 475 it
360 439 487 475 tantum
502 440 622 473 nubem
635 465 644 478 ‚
654 445 687 475 ὅ(
706 442 958 477 transcurrendo
966 442 1005 475 ad
1017 441 1116 475 latera
1128 444 1194 485 ejus
1207 454 1283 475 cava
1294 441 1477 488 impellitur
1490 461 1500 478 ‚
1528 436 1648 472 nullibi
1670 450 1726 473 ve-

56 489 172 524 ιὸς-ειη
182 492 384 536 perrumpit,
409 492 451 523 ita
469 513 478 528 ‚
505 499 541 522 ut
553 489 723 524 elucteturt

150 539 418 577 Gonfirmmrur,
444 541 477 571 &
496 538 700 572 declarantur
720 539 879 573 haetenus
894 539 980 572 dieta
994 536 1206 576 similitudine
1223 563 1233 578 2
1274 550 1341 585 qua
1372 536 1562 570 Aristoteles
1584 533 1727 581 explicat

54 589 189 621 modum
203 609 213 625 ,
265 588 453 623 causamve,
486 587 554 620 Cur
579 586 706 620 tantum
725 587 839 622 sonum
861 586 1028 621 exhalatio
1047 592 1141 629 edat,
1168 589 1328 625 nimitum
1348 585 1628 633 quemadmodum
1649 582 1727 617 curn

53 636 142 683 ligna
154 635 293 670 multum
308 635 392 669 ficcae
410 633 677 681 inspirationisin
689 636 851 671 meatibus
860 640 1064 671 continentia
1076 639 1395 682 utuntur‚crepitum
1410 645 1556 672 movent,
1570 632 1725 666 exhalati-

55 696 118 718 one
132 688 165 718 in
179 695 324 730 apertum
339 684 521 729 prodeunte
534 706 543 721 ,
571 683 729 731 lignaque
757 684 997 731 disrumpente‚
1034 685 1074 720 fic
1090 690 1123 722 in
1134 687 1278 723 nubibus
1294 683 1403 718 multo
1434 683 1548 728 (piritu
1571 680 1727 715 facundis

52 732 140 768 fatsta
159 745 266 766 earum
287 732 478 766 dimitiam
499 733 675 767 vehemens
694 735 748 767 ille
763 734 989 769 ionusexisti'r.

148 782 231 816 Idem
244 781 548 826 bombusexplicari
561 781 635 827 apte
648 784 751 827 potest
762 781 915 828 exemplo
929 781 1071 828 pulveris
1084 784 1197 818 nitrati
1213 786 1247 818 in
1266 787 1436 817 tormento
1444 778 1563 814 bellico
1574 777 1696 812 accensi
1711 792 1725 818 ,-

51 829 214 876 sicutergo
228 852 237 867 2
260 829 333 862 cum
345 833 481 864 nitratus
497 828 696 875 pulvisintra
706 831 1162 866 tormentibellicicavitatem
1196 833 1367 867 cominius
1381 853 1391 869 ‚
1427 832 1537 876 ignem
1558 829 1724 874 concipit,

52 883 85 914 &
98 878 243 914 accensus
253 877 359 912 subito
373 904 380 915 .
390 892 425 912 ac
438 878 674 925 consequenter
685 879 961 914 vehementiffime
974 881 1162 920 rarefadims,
1172 880 1373 926 utmajorem
1388 879 1497 913 locum
1517 878 1677 923 acquirat,
1686 889 1726 910 ex

53 930 354 974 tormentoingenti
371 931 495 974 impetu
517 931 680 973 erumpit,
707 940 803 976 atque
819 931 851 962 in
871 931 1016 963 vicinum
1033 929 1310 964 &circumfusum
1332 931 1438 962 a'e'tem
1465 929 1632 960 incurrens
1649 937 1725 959 eum

54 978 169 1021 disjicit
181 999 190 1014 ‚
218 988 252 1009 ac
270 979 394 1022 rumpit
411 999 420 1014 ,
446 977 547 1024 eaque
560 975 761 1016 dissectione,
789 989 822 1011 ac
833 977 1036 1023 disruptione
1049 975 1210 1013 bombum
1226 978 1319 1012 illum
1331 980 1622 1024 ingentem,quem
1632 976 1722 1008 audi-

54 1038 141 1062 mus,
165 1027 283 1059 excitat
294 1048 303 1062 ‚
331 1028 374 1059 ita
385 1028 481 1059 etiarn
497 1025 721 1060 exhalationes
733 1029 798 1060 vim
812 1028 899 1060 fuam
910 1029 944 1059 in
954 1028 1057 1061 nubes
1067 1038 1205 1061 exerunt
1216 1050 1225 1065 ‚
1252 1031 1284 1061 &
1296 1028 1422 1060 tonitru
1432 1022 1589 1059 efficiunt.

146 1076 232 1109 Rem
248 1073 379 1108 veroita
391 1074 418 1108 se
429 1074 545 1107 habere
560 1097 569 1111 ‚
595 1077 871 1110 tonitruationeni
886 1086 951 1108 non
963 1075 1095 1110 aliunde
1109 1088 1206 1122 quam
1220 1073 1486 1110 exhalationibus
1498 1071 1583 1105 nube
1592 1070 1727 1105 conclu-

51 1120 450 1170 fisexcitari,argumento
467 1124 510 1156 est
523 1122 713 1162 manifesto,
741 1124 829 1170 quod
846 1126 970 1157 tonitru
990 1138 1028 1157 ex
1041 1128 1116 1159 anni
1136 1135 1226 1171 parte
1241 1123 1383 1158 maxime
1401 1125 1574 1167 contingat
1589 1125 1621 1155 &
1634 1124 1666 1154 in
1687 1123 1726 1155 iis

52 1171 261 1218 Regionibus
275 1195 284 1209 ‚
307 1172 438 1218 quando
450 1176 482 1206 δε
495 1174 528 1205 in
545 1172 664 1219 quibus
675 1171 1034 1218 ejusmodispitationes
1048 1173 1231 1210 abundant,
1257 1175 1345 1207 Nota
1365 1184 1490 1209 tamen,
1506 1183 1573 1204 non
1593 1168 1653 1203 effe
1669 1182 1726 1203 ne-

48 1219 215 1254 cessarium
229 1223 358 1254 accendi
372 1221 514 1267 semper,
539 1223 751 1269 &ignoscere
769 1222 1010 1256 exhalationem
1024 1223 1062 1256 ad
1079 1226 1219 1260 tonitru.
1274 1224 1371 1257 Ratio
1383 1219 1442 1264 est,
1461 1222 1536 1266 quia
1557 1220 1595 1251 ad
1608 1220 1725 1253 sonum

48 1269 213 1303 edendum
225 1267 340 1303 sufficit
355 1270 438 1303 ierus
451 1271 626 1303 vehemens
637 1273 670 1303 in
689 1282 824 1314 corpore
837 1273 958 1304 idoneo
969 1295 978 1308 ,
1003 1274 1062 1318 qui
1085 1273 1167 1306 ictus
1179 1271 1243 1305 fine
1253 1270 1511 1317 conflagratione
1521 1269 1587 1301 dari
1602 1268 1726 1314 potest,

45 1319 133 1363 quod
145 1331 233 1352 exeo
243 1329 349 1365 patet,
373 1318 446 1352 cuna
461 1318 972 1365 non,qu0tiesnubesintonuere
999 1344 1008 1359 ‚
1033 1319 1173 1367 fulgetra
1185 1331 1371 1367 appareant,
1397 1320 1565 1364 autigneae
1585 1316 1724 1350 nubium

48 1369 339 1403 ruinaecorulcent.
388 1367 610 1402 Haeclicerira
624 1369 651 1401 se
664 1367 824 1413 babeant,
851 1368 887 1402 fic
901 1381 1010 1402 tamen

146 1415 324 1450 Conclusio
334 1418 440 1454 tertia,
491 1415 663 1450 Probabile
676 1416 914 1464 est‚aliquando
927 1421 1053 1451 tonitru
1064 1416 1251 1463 exipsarum
1265 1417 1349 1450 inter
1361 1413 1390 1449 se
1401 1413 1541 1449 nubium
1555 1411 1727 1450 concursu,

47 1464 230 1500 &illisione
241 1466 310 1499 heri
322 1463 441 1511 absque
454 1464 702 1500 exhalationum
713 1469 914 1506 interventu,
927 1470 1101 1513 eruptione
1124 1477 1179 1500 aut
1190 1465 1358 1500 conflictu.
1410 1467 1504 1496 Ratio
1519 1462 1578 1500 est,
1602 1460 1622 1494 fi
1636 1464 1727 1496 enim

51 1514 153 1548 nubes
166 1537 176 1553 ,
203 1514 278 1548 cum
294 1513 311 1548 ὲ
324 1515 446 1560 Spiritu
455 1514 724 1560 disrumpuntur,
751 1516 866 1549 sonum
877 1518 1037 1553 excitant,
1061 1528 1118 1549 cur
1131 1527 1197 1548 non
1215 1517 1300 1548 idem
1316 1517 1400 1548 inter
1413 1513 1442 1546 se
1463 1523 1585 1558 magno
1598 1512 1727 1557 impetu

50 1563 164 1597 collisae
178 1587 187 1601 ‚
214 1567 246 1598 &
261 1562 542 1601 frastaeefficient,
569 1566 643 1610 quia
654 1568 840 1598 nonminus
860 1575 940 1609 aptae
961 1566 1035 1599 sunt
1051 1564 1090 1598 ad
1113 1563 1229 1598 sonum
1244 1564 1408 1599 edendum
1431 1559 1534 1596 nubes
1557 1562 1626 1594 duce
1639 1563 1726 1595 inter

51 1609 80 1646 se
92 1611 226 1650 collisae,
250 1612 348 1659 quarn
361 1612 464 1645 nubes
475 1616 508 1646 &
523 1611 685 1647 exhalatio
697 1626 763 1647 non
777 1613 918 1650 accensa,

147 1662 216 1695 Nec
227 1661 350 1700 obstat,
377 1662 466 1708 quod
481 1660 740 1708 nubesimpastae
756 1661 925 1696 montibus
942 1660 1057 1696 sonum
1072 1675 1139 1696 non
1152 1661 1249 1696 edant
1263 1685 1272 1700 ‚
1297 1667 1381 1699 ratio
1400 1663 1594 1709 disparitatis
1604 1659 1648 1695 est
1659 1657 1731 1705 pti-

50 1709 106 1744 mo
118 1733 128 1748 ,
154 1713 230 1758 quia
243 1723 309 1744 non
318 1723 516 1758 quocunque
532 1711 634 1744 modo
645 1710 788 1758 impulsae
801 1723 939 1750 tonant,
966 1712 1017 1744 sed
1030 1711 1049 1745 fi
1061 1723 1141 1758 aptae
1157 1711 1416 1759 sintcompositae
1425 1715 1465 1746 ad
1482 1714 1617 1746 Tonum
1627 1711 1727 1743 eden-

48 1760 151 1808 dum3
178 1758 256 1793 ficut
267 1758 445 1793 necavetsae
458 1763 543 1794 inter
558 1759 588 1793 se
599 1759 803 1799 manus,ch
817 1760 1086 1799 colliduntur‚ita
1101 1773 1258 1807 maguum
1275 1763 1421 1807 plausum
1434 1761 1538 1795 edunt
1549 1784 1558 1798 ,
1585 1760 1635 1793 sed
1650 1756 1728 1790 cum

48 1808 153 1854 palma
165 1809 306 1855 palmam
316 1812 471 1856 percutit.
521 1810 671 1844 Secundo
682 1833 693 1848 .
716 1813 791 1856 quia
811 1822 907 1844 mons
921 1823 990 1844 non
1010 1808 1124 1844 scindit
1137 1809 1280 1848 nubem,
1306 1811 1357 1845 sed
1368 1810 1426 1844 sibi
1439 1822 1509 1844 eam
1523 1805 1727 1843 circumfun-

49 1861 111 1894 dit.
302 1897 305 1903 .

144 1908 277 1950 Quaeres
291 1916 398 1940 tamen
409 1906 515 1941 adhuc
532 1905 660 1953 ptimo:
685 1918 725 1941 an
736 1908 833 1941 etiam
843 1905 966 1952 absque
985 1905 1072 1940 nube
1089 1906 1140 1940 edi
1155 1905 1248 1952 poffit
1259 1909 1384 1940 tonitru
1395 1907 1410 1942 '3
1421 1904 1620 1952 Respondeo
1639 1901 1724 1938 affir-

49 1957 182 1994 mative,
193 1955 316 1989 constat
326 1956 387 1989 hoc
398 1968 464 1988 non
479 1968 547 1990 uno
558 1966 693 1992 eventu„
703 1955 893 1989 utHistoriae
907 1955 1170 1994 testantur,Talia
1183 1958 1328 1989 tonitrua
1339 1957 1518 2003 aliquando
1532 1955 1641 1988 audita
1654 1951 1729 1986 fue-

50 2017 96 2043 re,
108 2004 182 2038 cum
198 2016 291 2038 mons
300 2005 419 2037 AEt'nna
430 2007 598 2050 ingentem
611 2004 729 2037 adustae
739 2016 841 2038 arenae
854 2005 982 2049 copiam
994 2005 1164 2037 eructavit.
1193 2005 1273 2038 Non
1283 2007 1370 2038 enirn
1387 2002 1561 2039 verisimile
1575 2003 1632 2040 est,
1642 2004 1674 2035 in
1687 2014 1729 2036 eo

51 2055 156 2088 “airu
167 2076 178 2091 ‚
204 2055 326 2086 itaa'ere
339 2051 565 2086 effervescente
577 2077 587 2092 ,
615 2050 696 2087 ullas
706 2065 785 2086 tunc
798 2051 891 2085 fuisse
904 2052 1006 2086 nubes
1017 2075 1026 2090 ‚
1044 2053 1096 2086 sed
1107 2054 1265 2087 duntaxat
1276 2053 1469 2088 obliterante
1482 2077 1491 2091 ‚
1517 2057 1550 2087 &
1561 2063 1681 2098 magno
1696 2050 1726 2085 se

51 2104 177 2147 impetu
197 2101 417 2136 effundente&
438 2112 528 2135 terrae
550 2105 695 2135 cavernis
713 2100 967 2136 velutebellicis
988 2102 1149 2136 machinis
1170 2102 1302 2148 spiritu,
1331 2102 1572 2150 sulphureaque
1592 2103 1727 2134 materia

46 2153 152 2185 aetem
161 2151 325 2197 crepuisse.
383 2150 554 2185 Coetert‘im
567 2175 575 2188 ,
598 2162 656 2185 cur
671 2148 961 2184 serenointerdum
973 2150 1058 2184 coelo
1078 2162 1192 2186 tonare
1204 2149 1301 2184 soleat
1315 2174 1324 2189 ,
1351 2157 1434 2186 ratio
1445 2152 1512 2185 dari
1524 2149 1629 2198 potest
1645 2147 1726 2193 saepe

49 2213 161 2248 exeo,
187 2200 238 2234 vel
253 2202 329 2247 quia
344 2202 600 2234 tunctonitruin
614 2201 725 2233 vicino
735 2199 953 2234 fithorizonte
967 2223 976 2237 ‚
1009 2204 1044 2235 ἃς
1067 2211 1174 2233 tamen
1193 2200 1323 2234 auditur
1341 2204 1375 2235 in
1387 2201 1514 2237 nostro.
1566 2197 1726 2233 Sicutob-

51 2248 124 2283 {effa
135 2252 167 2284 in
181 2250 310 2283 Austria
322 2247 446 2282 Vienna
460 2249 570 2294 fragor
593 2260 835 2282 tormentorum
851 2249 982 2283 auditus
1004 2249 1097 2282 estad
1115 2251 1232 2283 Leucas
1248 2261 1302 2294 30.
1324 2249 1526 2295 potiffimtim
1547 2250 1581 2282 in
1600 2251 1726 2282 monti-

51 2297 122 2333 bus.
171 2299 320 2345 Velquia
330 2297 366 2331 fit
379 2300 414 2332 in
425 2308 508 2331 terra
518 2300 681 2345 crepitus,
705 2309 761 2332 aut
780 2297 983 2333 inaltiffimis
1002 2297 1168 2338 nubibus,
1194 2298 1246 2332 [ed
1259 2299 1342 2333 adeo
1354 2303 1434 2335 raris
1447 2323 1457 2339 ‚
1483 2310 1518 2333 ut
1531 2295 1724 2344 nequeanti

60 2347 298 2385 nobisadverti.

151 2399 284 2437 Quaeres
294 2398 466 2433 Secundo:
492 2409 532 2430 an
544 2398 643 2431 etiam
655 2397 739 2430 intra
749 2408 839 2431 terra:
855 2394 972 2430 viscera
983 2396 1104 2431 dentur
1116 2395 1285 2434 tonitrua?
1343 2396 1540 2443 Respondeo
1552 2394 1723 2430 affirmati-

50 2445 111 2483 ve,
137 2448 180 2479 ita
193 2447 348 2482 testantur
369 2446 490 2483 metalli
509 2444 654 2480 fossores.
708 2445 758 2480 De
779 2449 896 2479 Monte
919 2444 1088 2484 Africano,
1115 2446 1423 2484 Serraleonisditsto,
1443 2446 1607 2489 scribitur,
1634 2453 1724 2477 tanta

54 2497 214 2541 parturire
224 2498 383 2540 tonitrua,
395 2509 429 2532 ut
439 2497 477 2531 ad
495 2508 544 2538 50.
564 2493 715 2530 milliaria
727 2496 914 2530 audiantur.
964 2496 1034 2529 Nee
1046 2495 1194 2530 raroha‘c
1209 2493 1318 2542 fulgur
1330 2493 1547 2542 subsequitur.
1575 2494 1723 2536 itaJoan.

51 2544 266 2579 Schuzelman
278 2547 477 2581 minet-arum
490 2557 544 2591 per
557 2547 706 2591 Hungar.
720 2544 894 2578 Praefeuus
915 2545 998 2590 apud
1010 2545 1204 2578 Kircherum
1217 2555 1327 2578 narrat
1342 2568 1352 2581 ‚
1373 2543 1562 2591 priusquam
1576 2546 1609 2576 in
1620 2544 1724 2575 Hern-

42 2593 160 2640 grundr
171 2592 326 2638 spiracula
342 2595 359 2629 ὲ
370 2595 507 2643 rupibus
520 2604 629 2627 cavata
642 2592 786 2631 fuissent,
815 2595 989 2638 vaporesin
1003 2593 1128 2627 fodinis
1137 2604 1346 2628 coacervatos
1356 2592 1470 2640 saepit‘is
1480 2594 1604 2629 lumine
1614 2613 1624 2629 ,
1650 2601 1720 2636 quo

53 2642 188 2677 soffores
200 2653 356 2682 utuntur,
381 2645 548 2690 accensos,
575 2646 757 2677 maximum
769 2641 932 2689 fragorem
946 2641 1091 2679 edidisse.

147 2695 279 2736 Qiaeres
291 2693 405 2729 tertio:
424 2705 479 2728 cur
491 2691 568 2726 ezelo
579 2703 714 2726 tonante
726 2692 838 2726 vinum
865 2695 899 2725 &t
910 2690 1057 2726 cerevisia
1066 2694 1099 2726 in
1111 2690 1198 2726 cellis
1208 2689 1376 2728 turbetur?
1405 2690 1602 2736 Respondeo
1613 2711 1622 2727 ‚
1640 2701 1718 2725 cau·

51 2741 189 2776 samesse
199 2742 524 2780 rootuminsolitutn.
549 2753 645 2788 quem
659 2741 979 2787 tonitruimprimit,
1006 2742 1093 2774 unde
1107 2740 1258 2774 turbatur
1271 2741 1403 2786 liquor,
1429 2740 1478 2772 vel
1499 2741 1595 2772 etiam
1607 2738 1714 2774 obno-

49 2795 121 2826 xios
135 2794 264 2836 spiritus
273 2789 451 2826 diffusos&
463 2790 589 2825 dolium
602 2801 807 2836 penetrantes
820 2789 1037 2824 fermentatur
1056 2801 1094 2824 ex
1106 2789 1333 2823 observatione
1347 2790 1481 2823 Domini
1493 2788 1630 2837 Stoyles‚
1657 2790 1719 2836 qui.

50 2839 237 2876 cerevisiam
249 2840 422 2874 hermetice
435 2843 471 2874 in
484 2843 568 2873 vitro
579 2837 714 2873 clausam
727 2852 794 2873 non
805 2838 928 2873 turbari
938 2848 1089 2886 expertus
1099 2839 1156 2874 est.
1209 2839 1306 2873 Aliud
1319 2840 1498 2871 remedium
1510 2840 1604 2871 etiam
1623 2838 1720 2872 docet

50 2890 200 2925 advertus
220 2891 303 2923 hanc
315 2888 548 2925 turbationem,
561 2893 595 2924 δε
608 2887 831 2927 ace—scentiam,
843 2889 920 2921 dum
934 2887 1150 2926 ait,carboncs
1167 2887 1285 2921 fcffiles
1304 2889 1336 2919 in
1350 2885 1436 2919 cellis
1449 2885 1597 2920 accensos
1610 2909 1619 2924 ‚
1646 2887 1721 2921 cum

52 2949 156 2977 tonat,
169 2938 378 2974 cerevisiama
392 2941 600 2984 corruptione
613 2938 787 2972 defendere
800 2962 809 2976 ‚
841 2937 973 2982 eoquod
986 2936 1178 2981 sulphureos
1190 2941 1220 2970 δε
1234 2946 1479 2979 corrumpentes
1493 2935 1613 2969 halitus
1624 2939 1716 2983 *ignis

52 2986 217 3026 discutiat,
242 2989 292 3022 vel
306 2987 394 3036 quod
415 2990 482 3022 vim
494 3000 609 3022 eorum
629 2986 813 3025 obtundat,
838 2987 918 3021 dum
937 2987 1074 3034 figuram
1094 2987 1270 3022 hdiruum,
1291 2994 1346 3016 aut
1356 2986 1615 3031 magnitudinem
1630 3011 1641 3029 ,
1664 2997 1719 3019 aut

53 3047 212 3071 texturam
223 3049 339 3074 mutat.

145 3086 425 3134 Quaeresquattssi:
464 3086 532 3119 Cut
543 3089 668 3121 tonitru
680 3083 984 3132 fungosfaecunden
1012 3090 1152 3120 &cervae
1164 3093 1295 3130 partum
1315 3083 1537 3128 promoveat?
1564 3080 1716 3128 Respon—

49 3133 124 3182 deo,
136 3136 293 3172 tationem
307 3139 402 3184 primi
412 3133 488 3174 effe,
512 3138 587 3182 quia
599 3136 670 3185 post
683 3138 808 3171 tonitru
823 3133 1016 3184 plerumque
1033 3145 1157 3182 tepens,
1182 3135 1215 3166 δέ
1229 3130 1323 3177 plena
1337 3132 1510 3187 spirituum
1523 3130 1712 3214 aquuidterrae

1009 3186 1033 3219 E
1513 3194 1529 3214 a
1561 3193 1605 3215 un
1632 3190 1710 3217 rtur,
