2060 3444
274 171 396 216 200
800 192 803 198 s
945 151 1318 221 Meteorologia

274 241 545 290 citbrefrrgeratur
558 262 568 278 ,
592 237 736 283 leviffima
754 235 806 283 est,
837 233 984 270 Observa
1001 247 1110 272 tamen
1131 248 1204 270 curn
1222 235 1381 269 Athenaeo
1393 257 1402 272 ,
1421 234 1564 268 inveniri
1575 233 1773 282 quandoque
1782 247 1881 283 aquas
1893 242 1964 283 pari

272 293 430 339 pondere,
446 286 733 335 disparibonitate.
783 286 880 320 Unde
893 284 1112 333 certiusaquae
1127 285 1219 319 bona:
1237 285 1393 318 indicium
1412 284 1456 317 cst
1468 281 1639 320 subtilitas,
1657 293 1692 315 ut
1704 285 1813 331 inquit
1824 286 1963 327 Plinius,

277 343 481 376 conveniunt
493 337 562 371 tete
571 348 687 371 omnes
700 336 908 370 conditiones
918 357 927 372 ‚
947 333 1066 381 quibus
1077 347 1160 383 aqua
1171 334 1420 367 commendatur
1432 356 1441 371 ‚
1460 344 1534 366 nam
1551 331 1596 365 ob
1608 333 1798 367 tenuitatem
1813 336 1899 369 luam
1913 335 1962 369 fa-

273 389 346 426 cilis
357 397 546 436 penetratur
555 384 595 419 ab
608 395 724 433 agente
739 384 845 419 calido
859 388 890 418 &
901 395 940 417 eo
953 395 1080 418 remoto
1090 386 1194 430 (quia
1206 395 1274 416 non
1284 381 1416 415 cohibet
1428 384 1511 415 intra
1522 379 1552 414 se
1562 379 1668 414 aliena
1679 382 1962 430 corpuscula‚qui.

277 438 338 474 bus
348 435 571 484 impediatur)
583 433 725 469 faciliori
738 435 874 481 negotio
882 432 923 465 ad
933 435 1081 468 nativum
1095 436 1202 477 frigus
1213 431 1312 475 redit,
1326 443 1361 464 ea
1383 442 1515 478 quoque
1524 429 1568 463 ob
1578 429 1715 463 eandem
1726 431 1884 468 rationem
1897 433 1963 467 fin-

278 490 402 524 cedor,
420 483 640 532 pellucidior,
658 486 693 518 &
706 481 955 529 hocipsoetiam
965 481 1183 528 utplurimum
1204 479 1309 514 levior
1324 479 1382 516 est.
1422 481 1576 514 Praeterea
1594 490 1630 512 ut
1647 477 1871 525 sciriqueatde
1881 485 1960 517 dua-

278 537 341 571 bus
354 537 467 581 aquis,
481 545 551 581 quae
564 531 600 567 fit
613 531 762 567 lubtiliot
776 535 811 566 in
823 529 1009 571 substantia,
1031 534 1065 566 &
1087 530 1138 565 vel
1160 529 1235 563 ideo
1248 528 1450 575 praestantior
1465 529 1505 561 ad
1520 530 1637 574 potum
1652 550 1662 565 ,
1690 525 1827 572 sequens
1846 533 1963 566 modus

279 582 573 630 observaripotest:
600 583 783 630 intingatur
794 591 922 626 pannus
935 578 1040 615 lineus
1049 579 1132 614 bene
1146 579 1289 612 mundus
1300 579 1333 612 in
1344 589 1408 612 una
1421 601 1432 616 ,
1454 582 1488 613 &
1499 577 1580 612 alius
1592 575 1739 611 similiter
1750 578 1784 609 in
1794 576 1867 616 alia.
1895 583 1962 615 De-

284 634 359 668 inde
368 631 468 666 ambo
476 634 576 678 panni
585 633 720 666 intinffi
729 640 937 676 exponantur
953 629 1040 668 Soli,
1065 641 1123 676 qui
1133 629 1222 676 prius
1235 626 1430 670 exficcatur;
1460 627 1548 661 illius
1558 624 1645 673 aquil
1656 624 1807 666 subtilior
1817 629 1961 666 censebi.

282 693 356 727 ωε,
377 680 529 729 quippea
539 679 673 714 fatribus
683 691 773 713 terra:
794 680 919 723 purior.
972 679 1139 712 Conducit
1155 679 1252 710 etiam
1263 688 1355 722 aquae
1368 688 1422 710 eva
1430 679 1638 722 potationem
1656 676 1694 708 ad
1706 677 1820 722 ignem
1833 679 1963 723 instita-

283 743 349 770 ere,
406 730 509 775 Qod
531 729 553 763 si
572 732 606 764 in
620 729 724 764 fundo
738 726 822 761 nihil
834 738 1018 765 remaneat,
1046 731 1080 762 δι
1095 725 1190 760 facile
1210 728 1320 759 omnis
1332 725 1439 759 evolet
1457 737 1540 772 aqua
1553 751 1564 770 ,
1589 725 1880 771 optimacensenda
1894 729 1937 763 est
1954 753 1964 769 ,

284 778 401 818 lecusfi
412 779 515 814 limus
529 805 540 823 ,
557 781 697 816 nitrum,
708 777 757 810 vel
769 775 844 810 salia
855 775 1025 810 mineralia
1035 777 1277 821 relinquantur.
1709 784 1712 786 ’

381 829 546 862 Ρῐεεάὶέὶὶε
554 824 802 861 conditionibus
810 825 903 862 bonae
912 837 1005 872 aquae
1019 828 1116 859 etiam
1128 825 1299 869 sequentes
1307 825 1427 869 apponi
1439 821 1560 858 solent.
1603 822 1730 863 Primo,
1758 823 1880 871 siaquae
1893 824 1971 860 fons

285 889 437 923 erumpat
445 879 482 911 ad
496 879 660 912 orientem
672 875 794 914 Solem,
805 878 862 920 qui
875 874 1023 909 benefico
1033 874 1143 908 afflatu
1157 873 1266 906 latices
1277 873 1404 907 modice
1420 881 1592 919 excoquat.
1620 883 1652 908 2.
1678 872 1711 905 Si
1723 885 1762 906 ex
1776 872 1906 909 sublimi
1918 875 1966 908 lo.

285 940 324 961 co
335 925 508 961 descendat
522 949 531 966 ,
559 924 726 960 moderate
739 935 849 959 tamen
863 946 873 962 ,
889 924 921 957 id
934 923 992 961 est,
1008 936 1047 956 ex
1058 923 1210 958 collibus.
1252 921 1412 960 Tertio‚fi
1428 932 1560 955 terreno
1572 924 1713 967 optimo,
1736 922 1963 971 appofitoque.

283 975 367 1010 Tale
377 976 456 1011 vero
467 977 528 1013 est,
551 978 586 1009 in
601 987 670 1021 quo
689 976 847 1020 reperitur
863 973 983 1018 tophus
997 975 1029 1006 δι
1046 984 1128 1006 terra
1148 982 1226 1019 pura
1240 995 1250 1011 ,
1269 971 1369 1005 modo
1389 969 1518 1005 craffior
1532 968 1578 1004 fit.
1609 970 1645 1004 Id
1659 973 1748 1004 enim
1763 985 1831 1006 non
1844 975 1965 1008 immu-

289 1036 337 1060 tat
347 1037 466 1072 aquam
479 1048 490 1063 ‚
515 1036 573 1058 nec
591 1026 773 1071 peregrinis
789 1021 910 1055 imbuit
925 1021 1158 1067 qualitatibus,
1175 1030 1212 1055 ut
1229 1020 1341 1054 aflolet
1353 1019 1533 1056 nitrosum,
1557 1017 1694 1064 sallum,
1721 1020 1897 1068 aliaqueid
1911 1035 1968 1069 ge..

285 1086 360 1111 nus,
385 1076 598 1118 Juvatautem
609 1073 780 1106 crassitudo
791 1094 802 1109 ,
820 1073 896 1117 quia
916 1071 995 1104 dum
1008 1072 1170 1118 liquorem
1181 1069 1338 1117 angustiis
1355 1067 1670 1114 venarum'stringit,
1680 1067 1823 1104 colando
1835 1082 1968 1106 tenuio-

285 1136 356 1158 rem
374 1122 466 1160 facit,
496 1124 638 1155 Demum
649 1120 744 1154 bonae
758 1131 850 1165 aquae
860 1119 1019 1153 indicium
1029 1120 1073 1154 est
1083 1143 1093 1160 ,
1114 1122 1146 1154 in
1158 1130 1222 1166 qua
1230 1119 1397 1166 legumina
1413 1117 1510 1152 facile
1521 1128 1722 1164 coquuntur.

379 1169 559 1206 Conclufio
569 1169 718 1205 secunda.
744 1171 845 1216 Aquae
863 1168 934 1215 post
952 1174 1069 1203 ventos
1080 1168 1204 1202 validos
1236 1168 1355 1202 haustae
1370 1179 1438 1202 non
1457 1167 1532 1201 lunt
1557 1177 1624 1200 tarn
1646 1164 1787 1202 salubres
1805 1171 1838 1203 ὅ(
1851 1167 1948 1206 bonae
1961 1196 1972 1212 ,

285 1220 410 1268 quam,
437 1231 511 1266 quae
535 1230 649 1266 pacato
664 1229 811 1265 ternpore
827 1230 866 1251 ex
881 1218 1167 1265 quocunqueloco
1185 1217 1437 1251 exhauriuntur.
1479 1216 1581 1250 Ratio
1591 1215 1636 1248 est
1648 1239 1657 1253 ,
1686 1218 1763 1262 quia
1774 1229 1814 1250 ex
1825 1230 1972 1253 commo-

288 1273 379 1304 tione
390 1268 445 1303 illa
455 1269 657 1306 vehementi,
680 1268 761 1302 dum
775 1278 859 1301 terra
870 1269 1010 1300 nimium
1020 1270 1226 1305 concutitur,
1251 1268 1348 1301 etiam
1359 1267 1465 1301 noxiae
1480 1264 1626 1310 quaedam
1636 1269 1900 1311 evaporationes,
1921 1270 1972 1304 vel

288 1319 438 1366 pulveres
450 1346 462 1366 ‚
483 1329 519 1351 ac
544 1316 652 1352 sordes
665 1316 914 1364 qualescunque
933 1317 1040 1351 eidem
1050 1315 1319 1354 commisceatur,
1342 1328 1414 1362 quae
1427 1314 1550 1361 idcirco
1562 1311 1672 1347 minus
1685 1313 1847 1362 salubrem
1867 1315 1970 1352 effici-

287 1379 361 1405 unt.
403 1368 501 1401 Unde
513 1365 639 1401 &bene
656 1367 827 1400 Cardanus
842 1368 876 1399 in
890 1367 1086 1412 Hippocrat.
1106 1364 1163 1403 lib.
1181 1376 1214 1402 2.
1228 1366 1268 1399 de
1290 1366 1362 1399 ae're
1373 1368 1410 1399 ὃ(
1427 1364 1519 1410 aquis
1529 1372 1620 1397 textu
1635 1375 1689 1409 24.
1701 1364 1798 1404 dicit,
1825 1377 1894 1400 non
1911 1367 1972 1402 effe

288 1416 415 1452 bonum
426 1427 472 1450 uti
484 1418 578 1462 aquis
588 1415 660 1463 post
673 1414 801 1450 validos
813 1426 930 1448 ventos
940 1426 952 1459 3
981 1417 1167 1450 nametiam
1179 1414 1297 1457 hyeme
1307 1415 1323 1448 ὲ
1333 1416 1412 1460 ripis
1421 1417 1455 1448 &
1466 1409 1561 1446 alveo
1571 1411 1829 1451 conturbantur,

381 1464 561 1500 Conclufio
574 1467 682 1504 tertia.
705 1467 801 1510 Aqua
819 1463 1059 1511 qualiscunque
1078 1474 1171 1497 tanto
1184 1464 1298 1498 minus
1311 1462 1510 1498 damnanda,
1521 1462 1649 1506 quanto
1665 1474 1705 1495 ex
1714 1461 1881 1509 frequenti
1892 1465 1972 1500 hau-

287 1517 446 1550 rientium
462 1517 685 1548 commotione
705 1515 830 1561 magis,
869 1512 1044 1561 magisque
1064 1513 1268 1547 emendatur.
1343 1514 1430 1546 Nam
1443 1511 1569 1556 vtficam
1584 1514 1725 1557 capiunt,
1753 1515 1974 1549 nimoveamur

288 1576 384 1610 aqua.
591 1581 596 1585 ·

388 1614 437 1647 Ex
449 1612 544 1647 dictis
552 1611 686 1659 colliges
695 1610 817 1658 primo.
868 1613 1000 1646 Limum
1010 1622 1170 1659 aquarum
1186 1609 1302 1647 vilium
1318 1609 1395 1649 esse.
1432 1610 1537 1654 Quod
1548 1608 1571 1644 fi
1583 1609 1693 1644 tamen
1703 1611 1808 1644 amnis
1819 1611 1973 1658 anguillis

291 1659 428 1698 scateat,
447 1660 642 1695 salubritatis
653 1663 814 1695 indicium
829 1659 980 1696 habetur.

383 1709 532 1756 Colliges
541 1709 696 1746 secundo.
722 1711 832 1755 Aquas
842 1709 994 1744 lacustres
1005 1731 1016 1746 ,
1040 1708 1240 1756 stagnantes,
1259 1712 1295 1743 &
1312 1706 1469 1755 palustres
1480 1706 1599 1742 merito
1610 1707 1773 1746 damnari,
1785 1719 1868 1748 tum,
1881 1710 1973 1757 quod

288 1770 386 1794 motu
396 1770 538 1796 careant.
565 1769 634 1792 tum
650 1758 742 1804 quod
751 1756 832 1803 ipsas
840 1760 938 1792 ardor
950 1757 1218 1792 Solisidentidem
1231 1756 1353 1792 feriens
1370 1767 1512 1802 permeet
1527 1779 1537 1795 ‚
1558 1760 1592 1791 &
1601 1755 1724 1790 teneris
1735 1757 1974 1803 partibuscras-

286 1806 427 1842 fioribus
438 1810 603 1840 tenuiores
614 1810 735 1841 eximar
744 1816 756 1854 3
765 1808 854 1841 unde
863 1817 1056 1852 corruptum
1068 1805 1212 1851 saporem
1228 1818 1327 1854 atque
1338 1807 1476 1839 odotem
1495 1817 1697 1851 comparant.
1742 1809 1840 1840 Minu
1849 1828 1855 1839 2
1865 1819 1975 1843 tamen

288 1867 412 1892 nocent
424 1880 432 1894 ‚
452 1855 474 1889 fi
487 1855 635 1890 fluviales
647 1867 701 1889 aut
719 1855 835 1890 rivales
844 1857 1032 1902 excipiant,
1053 1854 1121 1902 ipsa
1131 1857 1218 1890 enim
1229 1855 1392 1890 influendi
1410 1859 1444 1889 &
1456 1852 1612 1902 effluendi
1623 1854 1808 1890 vicissitudo
1827 1861 1972 1902 putredi.

289 1918 368 1941 nem
380 1916 466 1940 arcet
479 1929 489 1944 ,
514 1909 549 1940 &
563 1905 697 1951 uliginis
709 1906 800 1939 virus
811 1903 905 1942 eluit.
1022 1917 1026 1922 ’
1312 1914 1314 1917 ’
1464 1912 1466 1914 ’

391 1954 541 2002 Colliges
549 1953 657 1990 tertio.
684 1956 796 2001 Aquas
806 1977 816 1994 ‚
833 1966 905 2001 quae
913 1965 955 1988 ex
966 1955 1086 1987 niveae
1095 1952 1198 2000 glacie
1208 1951 1358 1989 resolutis
1367 1950 1465 1999 fiunt,
1491 1962 1608 1985 omnes
1621 1950 1800 1987 insalubres
1811 1965 1891 2000 potu
1901 1953 1976 1995 effe.

290 2004 381 2040 cum
392 2006 543 2043 enim‚ut
552 2008 596 2039 ait
610 2004 839 2050 Hippocrates,
850 2002 1126 2038 semel-concretae
1140 2001 1284 2040 fuerint,
1294 2012 1362 2037 non
1375 1999 1516 2048 amplius
1528 2002 1565 2035 in'
1579 2002 1746 2047 pristinam
1764 2014 1913 2037 naturam
1927 2017 1976 2039 re.

292 2054 471 2089 stituuntur
490 2079 504 2100 ,
528 2052 580 2088 sed
598 2053 729 2100 quodin
739 2049 805 2100 ipsa
815 2052 960 2091 clarum,
983 2051 1078 2101 leve,
1102 2051 1240 2087 acdulce
1255 2050 1319 2094 est,
1344 2053 1555 2098 deperditur,
1578 2062 1613 2083 ac
1624 2049 1859 2098 quodctaffum
1871 2053 1976 2088 relin—

292 2106 421 2150 quitur.

391 2150 540 2200 Colliges
550 2150 680 2200 quarto.
721 2153 835 2199 Aquas
845 2149 1002 2198 pluviales
1015 2172 1026 2188 ‚
1048 2162 1120 2197 quae
1130 2160 1279 2197 tempore
1290 2149 1400 2185 aestivo
1408 2148 1526 2195 magna
1539 2159 1712 2184 ventorum
1723 2148 1865 2196 procellss
1877 2155 1911 2186 ὅτ
1921 2162 1975 2187 to..

294 2202 445 2234 nitruum
465 2202 592 2246 impetu
621 2201 794 2240 decidunt,
821 2205 930 2236 minus
948 2198 1132 2247 probandas
1146 2198 1231 2238 effe,
1257 2198 1318 2236 εὸ,
1342 2198 1433 2244 quod
1453 2197 1572 2232 multas
1591 2198 1738 2234 habeant
1751 2199 1976 2236 exhalationes

296 2252 417 2297 raptim
432 2248 584 2283 colletstas
596 2271 606 2287 ‚
631 2261 703 2296 quae
713 2260 823 2283 tamen
837 2249 947 2284 filente
957 2247 1042 2283 coelo
1056 2247 1226 2286 defluunt,
1252 2259 1304 2281 eas
1318 2249 1386 2290 jure
1398 2247 1639 2284 commendari.

392 2297 540 2344 Colliges
550 2297 679 2343 quinto.
704 2299 810 2334 Etiam
830 2311 930 2345 aquas
952 2297 1165 2332 cisternarum
1179 2294 1290 2332 minus
1300 2296 1361 2331 esse
1379 2295 1486 2335 utiles,
1512 2295 1610 2344 quam
1633 2296 1652 2331 ὲ
1669 2296 1782 2332 multis
1801 2309 1977 2344 putantur,

299 2357 371 2382 turn
384 2349 462 2394 quia
472 2348 605 2381 intodtae
615 2358 751 2381 manent
761 2370 772 2385 ,
793 2347 870 2382 cum
882 2346 1003 2382 coelum
1012 2358 1080 2380 non
1091 2346 1247 2390 videant3
1275 2356 1344 2381 tum
1357 2369 1366 2385 .
1391 2348 1468 2392 quia
1481 2348 1623 2380 immotae
1640 2344 1736 2385 sunt,
1761 2359 1820 2381 nec
1833 2346 1976 2382 easlibe-

300 2399 369 2431 tior
385 2408 461 2430 aura
475 2395 636 2432 verberat.
685 2396 781 2430 Unde
797 2396 874 2443 saepe
895 2409 963 2431 non
983 2395 1068 2429 nihil
1081 2393 1287 2441 putrescunt,
1307 2398 1342 2430 &
1365 2394 1561 2430 vermiculos
1571 2398 1772 2441 parturiunt.
1800 2397 1975 2431 Servantur

299 2456 410 2480 tamen
423 2445 561 2485 diutius,
574 2444 722 2492 fiuntque
733 2443 1196 2480 salubrioressubstrataarena
1209 2443 1302 2482 dura,
1317 2444 1366 2478 vel
1377 2443 1504 2491 glane-4,
1514 2454 1572 2480 aut
1585 2442 1698 2479 sabulo
1711 2444 1866 2483 masculo.
1895 2448 1976 2480 ltem

301 2494 326 2529 fi
334 2493 506 2542 pisciculos
518 2493 658 2529 foveant
666 2519 678 2538 ,
702 2505 737 2528 ut
746 2495 863 2529 horum
878 2506 992 2529 natatu
1002 2506 1085 2540 aqua
1094 2503 1356 2530 commoveatur.

396 2542 542 2590 Colliges
553 2543 684 2576 demum
697 2541 807 2581 sexto,
822 2556 942 2590 aquarn
965 2542 1138 2578 fontanam
1154 2542 1276 2589 puteali
1296 2543 1464 2576 meliorem
1486 2541 1626 2582 censeri,
1653 2543 1744 2589 quod
1767 2545 1802 2578 in
1819 2553 1975 2590 perpetuo

302 2603 399 2628 motu
413 2592 452 2626 fit
462 2615 473 2631 ,
493 2592 546 2626 ina
561 2592 673 2638 sponte
683 2590 700 2624 ὲ
712 2603 795 2626 terra
805 2590 982 2627 scaturiens
996 2616 1006 2632 ,
1028 2593 1104 2626 curn
1116 2593 1254 2637 putealis
1263 2604 1331 2626 non
1351 2591 1409 2626 nifi
1423 2594 1560 2639 ingenio
1571 2596 1605 2627 &
1622 2604 1720 2638 opera
1731 2593 1906 2627 hominum
1916 2605 1975 2625 ex-

303 2642 477 2689 trahatur3
503 2640 630 2686 proficit
650 2651 759 2674 tamen
775 2641 932 2687 putealis,
958 2640 1036 2676 cum
1059 2640 1174 2676 crebro
1191 2641 1307 2677 haustu
1328 2651 1517 2687 exercetur3
1543 2640 1585 2676 fic
1594 2644 1684 2676 enim
1700 2654 1786 2690 aqua
1805 2653 1894 2688 aqua:
1904 2640 1974 2676 suc—

304 2691 409 2728 cedit,
435 2694 470 2725 &
489 2690 737 2737 quodammodo
749 2689 836 2727 fluit.

400 2741 513 2774 Unum
525 2739 632 2774 adhuc
643 2742 845 2773 controverti
855 2737 945 2779 solet,
973 2753 1054 2776 num
1065 2754 1148 2789 aqua
1160 2740 1296 2776 fontana
1306 2738 1457 2774 bonitate
1466 2738 1593 2786 superet
1604 2739 1790 2777 fiuvialem?
1814 2736 1974 2775 Adferam

306 2788 474 2836 utriusque
492 2791 592 2836 partis
610 2790 752 2822 rationes
765 2798 778 2826 3
810 2788 1004 2825 decifionem
1018 2792 1134 2826 leetori
1147 2789 1355 2838 relinquo,&
1368 2789 1499 2834 quidem
1512 2811 1522 2827 ,
1539 2801 1612 2835 quae
1623 2790 1792 2826 fontanam
1806 2799 1978 2823 commen-

308 2837 390 2871 dent
403 2861 413 2876 ,
432 2838 525 2876 suut,
549 2837 641 2886 quod
656 2849 724 2871 non
734 2835 1193 2875 craffescantexhalationibus
1205 2863 1214 2880 ‚
1232 2850 1270 2874 ut
1286 2837 1453 2886 fluviales3
1478 2840 1640 2882 Secundo.
1651 2854 1718 2875 non
1731 2835 1976 2874 immisceamur

312 2885 515 2921 diffimilium
525 2898 687 2934 aquarum
697 2886 868 2925 concursu.
920 2888 1036 2924 Tertio
1048 2913 1059 2929 ,
1079 2891 1171 2938 quod
1183 2901 1252 2924 non
1266 2899 1316 2922 tot
1326 2887 1502 2923 herbarum
1513 2890 1547 2923 &
1558 2889 1707 2936 stirpium
1720 2912 1730 2929 ,
1754 2898 1893 2934 quatum
1907 2886 1980 2922 suc-

312 2935 553 2971 coinficiantur
567 2959 578 2975 ,
598 2937 719 2971 radices
731 2936 851 2972 lavent.
910 2938 1041 2979 Quarto
1053 2965 1066 2986 ,
1084 2939 1173 2987 quod
1190 2937 1325 2984 injectas
1334 2937 1442 2971 sordes
1455 2950 1523 2973 non
1534 2940 1716 2976 devehant,
1737 2939 1772 2970 in
1785 2948 1855 2983 quae
1866 2940 1977 2972 omnia

311 2985 519 3018 incommoda
531 2986 672 3020 fluvialis
687 2986 907 3032 aquaincidit.
958 2988 1021 3022 His
1032 3000 1102 3022 non
1115 2987 1332 3024 obstantibus,
1349 2985 1422 3021 sunt
1432 2999 1540 3023 tamen
1553 2987 1679 3035 aliqua,
1698 2998 1770 3033 quae
1781 2985 1977 3021 fluviatilem

314 3044 454 3079 aquarn,
469 3034 546 3067 teste
565 3034 753 3069 Columella
772 3039 803 3070 &
826 3038 1012 3075 Avicenna,
1039 3036 1219 3072 salubritati
1241 3047 1418 3082 corporum
1434 3035 1800 3073 accommodatiffimum
1825 3033 1953 3070 faciunt
1971 3046 1981 3074 t

319 3092 395 3116 nam
407 3081 531 3128 Ρῐίῐῐὶὸ,
553 3095 662 3118 motus
679 3083 733 3117 ille
747 3087 925 3131 &agitatio
934 3097 1001 3119 non
1019 3097 1133 3133 parurn
1146 3085 1279 3121 confert
1295 3086 1334 3120 ad
1358 3087 1553 3122 cruditatem
1577 3084 1812 3133 castigandam:
1841 3082 1920 3119 facit
1943 3098 1979 3119 e·

320 3132 412 3178 nim,
433 3142 469 3179 ut
485 3133 576 3181 crudi
599 3133 749 3170 humoris
767 3133 935 3182 particulae
953 3134 1064 3182 saltem
1074 3134 1182 3184 aliqua
1196 3149 1236 3172 ex
1247 3146 1337 3184 parte
1347 3147 1581 3182 extenuantur,
1629 3134 1780 3170 Secundo
1791 3157 1801 3177 ,
1821 3131 1897 3218 Ἕω
1911 3133 1981 3168 Soli

1865 3194 1978 3223 nmina
