2060 3444
283 138 366 200 arg
918 128 1293 205 Meteorolog‘ia

290 219 424 257 modice
432 218 539 256 calens
550 242 561 259 ,
586 216 891 254 omniummaxime
903 217 1043 253 blandus
1056 221 1089 253 in
1100 218 1313 265 regionibus,
1337 231 1408 268 quae
1421 217 1562 254 maxime
1574 217 1691 255 distant
1703 219 1824 257 amari.
1842 201 1951 250 Men}

288 271 398 319 Aprili
408 268 612 315 summopere
623 267 807 307 familiaris,
831 269 971 316 quadam
984 270 1142 315 temperie
1155 267 1271 303 caloris
1288 272 1324 304 &
1342 271 1490 304 humoris
1503 267 1641 316 glaciem
1658 271 1788 303 resolvit
1801 272 1834 302 &
1845 276 1951 302 nives„

285 322 376 356 unde
389 319 486 367 spirat
497 316 717 364 potiffimiim,
743 316 818 352 cum
827 318 865 351 ad
877 329 937 351 nos
947 319 1066 351 avesin
1075 328 1151 352 vere
1177 316 1289 351 denuo
1309 329 1457 353 remeant
1471 341 1482 357 ‚
1535 330 1607 364 quae
1627 318 1742 362 hyeme
1754 315 1950 352 labitabant,

287 380 362 405 'tuni
373 372 492 404 iterum
505 394 518 414 5
540 365 616 401 curn
630 365 752 402 anobis
764 369 798 401 iri
809 377 975 401 autumno
984 366 1154 401 recedunt.
1191 365 1338 401 Subinde
1350 366 1459 413 pluvia
1469 376 1630 414 temperat
1641 365 1723 401 Solis
1734 366 1890 408 calorem,
1915 366 1950 396 ὃς

288 432 367 454 eum
378 415 581 465 aptissiinead
590 418 836 464 generationem
848 416 979 450 humori
992 417 1113 449 miscet.
1132 416 1266 462 Veiperi
1275 426 1329 450 aut
1337 415 1425 451 horis
1434 417 1669 464 pomeridianis
1687 414 1829 450 crebrius
1839 415 1952 461 spirat.

289 465 382 503 Parit
399 467 502 502 varias
520 476 701 513 corporum
720 467 919 500 mutationes
931 489 942 504 ‚
961 462 1107 511 (olel-tque
1125 463 1206 498 alias
1222 465 1313 498 tenui
1328 463 1457 514 'frigore
1474 464 1601 500 saluber
1611 463 1693 503 effe,
1721 463 1952 510 acambiguus.

284 519 364 551 Ova
377 513 867 562 quaedamdicunturZephyria
879 513 935 548 seu
948 515 1108 551 Favonia‚
1133 525 1205 559 quae
1222 511 1382 561 &gallinis
1403 527 1460 550 aut
1481 513 1645 549 columbis
1664 515 1811 561 generari
1830 523 1953 559 putan-

287 576 342 600 tur
354 563 424 600 solo
434 565 552 600 inflatu
560 565 708 612 Zephyri
718 563 770 599 seu
780 566 928 600 Favonii.
977 560 1156 596 Dicebatur
1168 565 1288 601 etiam,
1313 565 1348 597 in
1361 563 1524 599 Lusitania
1539 575 1579 598 ex
1598 563 1666 597 solo
1683 562 1839 608 Zephyro
1852 571 1954 608 equas

288 615 483 663 concipere3
507 615 601 660 quod
615 625 723 648 tamen
744 624 866 660 negant
874 611 1019 648 Lusitani
1031 611 1061 645 se
1071 613 1228 658 expetiti.
1274 611 1379 646 Aliter
1391 612 1610 649 occidentalis
1630 623 1749 648 ventus
1760 611 1810 646 >cst
1820 611 1951 645 Atticus

280 663 366 700 Solis
377 662 623 711 tempestatibus
633 661 779 697 celebris.
1845 690 1852 696 .

379 711 561 747 Conclusio
571 715 700 760 quinta.
730 714 855 745 Ventus
865 711 1027 759 generalis
1039 715 1141 746 Zonae
1153 708 1283 744 torridae
1294 710 1466 746 dominans
1476 732 1486 748 ‚
1510 709 1617 757 qualis
1633 709 1680 745 est
1698 707 1889 744 subsolanus
1896 720 1952 745 aut

286 764 355 807 ejus
365 761 558 797 collateralis
572 773 640 796 non
658 763 693 795 in
709 759 866 794 omnibus
878 762 983 794 eidem
995 764 1095 796 Zonae
1109 759 1261 805 iubjeetis
1276 759 1465 808 regionibus
1483 758 1606 806 semper
1617 763 1729 794 uno&
1741 759 1856 793 eodem
1868 769 1951 794 tem-

284 824 366 860 pore
376 818 411 850 &
420 811 494 847 loco
501 812 590 858 viget
601 834 610 850 ,
635 808 688 843 sed
699 808 757 843 sub
769 812 808 844 iis
818 809 1021 856 potiffimiim
1035 809 1203 858 fignorum
1213 807 1372 855 parallelis
1382 833 1392 847 ‚
1417 820 1490 855 quae
1499 808 1733 856 Solrpercuttit.
1785 808 1883 842 Unde
1894 820 1954 842 na·
1987 834 1989 836 >

287 872 344 896 ves
353 884 365 901 ‚
391 862 460 909 quo
469 859 607 908 propius
619 858 704 894 Solis
714 858 836 893 semitis
844 862 1159 906 accommodantur⁷
1167 857 1208 892 co
1219 855 1372 899 faciliori,
1386 856 1596 905 breviorique
1611 860 1821 905 navigatione
1835 860 1954 892 termi-

286 923 369 945 num
379 909 471 945 suum
482 907 743 955 consequuntur.
753 909 785 942 Si
800 911 958 954 utrinque
966 909 982 942 a
995 907 1104 943 semita
1114 907 1198 942 Solis
1210 906 1282 953 plus
1292 921 1385 956 aequo
1393 905 1590 948 recesserint,
1599 905 1642 942 ob
1657 919 1756 945 novas
1765 918 1954 946 ventorum,

285 971 372 1006 quos
381 962 608 1006 experiuntur,
620 957 707 1005 leges
723 956 896 991 subsolano
909 961 1087 992 contrarias
1097 960 1194 992 eriam
1213 959 1315 1002 magis
1323 958 1834 1002 retardantur,&impediuntun
1862 958 1954 991 Ven-

287 1020 341 1043 tus
353 1011 450 1043 etiam
461 1009 512 1043 hic
522 1008 690 1042 Generalis
705 1005 764 1040 sub
776 1018 844 1040 uno
854 1010 888 1041 δέ
898 1007 1012 1041 eodem
1025 1006 1182 1054 parallelo
1192 1005 1386 1041 indivisibili
1402 1005 1507 1052 spatio
1518 1017 1584 1039 non
1595 1005 1710 1046 fertur,
1719 1006 1770 1040 sed
1782 1005 1880 1040 habet
1897 1003 1950 1040 su-

287 1069 341 1092 am
354 1058 562 1092 latitudinem
571 1054 871 1090 innonnuilislocis
882 1059 1052 1101 majorem,
1064 1059 1097 1090 in
1108 1055 1178 1091 aliis
1189 1057 1368 1094 minorem.
1400 1054 1466 1091 Sub
1478 1056 1632 1103 Tropicis
1645 1055 1684 1088 ad
1698 1056 1874 1103 7.gradum
1886 1065 1954 1090 tam

282 1108 324 1142 ad
334 1107 506 1144 Austrum,
515 1105 616 1152 quam
630 1106 670 1138 ad
682 1107 818 1145 Boream
828 1116 998 1139 excurrere
1009 1116 1218 1152 compertum
1231 1104 1289 1138 est.

369 1154 662 1191 conciufioiexta,
687 1155 724 1187 ln
740 1153 813 1187 loco
827 1151 1122 1199 subpolariarciico
1139 1153 1251 1188 nullus
1266 1162 1386 1188 ventus
1398 1151 1661 1199 septentrionalis
1676 1163 1734 1187 aut
1744 1155 1953 1201 quiscunque

285 1203 369 1239 alius
382 1216 497 1252 praeter
505 1202 675 1238 australem
689 1203 760 1236 dari
772 1203 901 1249 potest-3
927 1203 943 1238 ὲ
955 1216 1154 1251 quacunque
1164 1205 1254 1237 enim
1274 1202 1366 1251 plaga
1383 1203 1416 1236 in
1427 1215 1498 1237 eam
1511 1205 1681 1251 regio-nem
1693 1202 1790 1250 spiret
1800 1213 1918 1238 ventus
1942 1224 1956 1242 ‚

284 1252 411 1298 semper
423 1266 462 1288 ex
473 1251 825 1300 partibusaustralibu5
836 1252 876 1284 ad
889 1252 1145 1299 septentrionem
1158 1251 1295 1290 feretur.
1341 1252 1559 1287 Contrarium
1577 1253 1694 1287 accidit
1709 1251 1768 1287 sub
1786 1251 1867 1299 polo
1882 1263 1956 1287 ant·

280 1304 425 1347 aeric03
452 1314 528 1336 nam
539 1313 654 1336 omnes
665 1299 789 1335 ibidem
800 1303 890 1335 venti
904 1303 979 1335 sunt
996 1299 1278 1347 septentrionales.
1929 1319 1932 1321 -

381 1349 564 1386 Conclusio
575 1353 721 1397 septima,
731 1350 908 1385 Ornithius
920 1351 1175 1386 &Chelidonius
1185 1361 1315 1387 ventus,
1325 1352 1386 1396 qui
1397 1349 1438 1384 ab
1447 1351 1678 1385 Hirund'inum
1691 1350 1834 1385 adventu
1849 1349 1951 1385 deno-

282 1403 444 1445 minatur,
454 1403 609 1435 oriuntur
621 1400 637 1433 a
656 1398 889 1437 diversislocis,
900 1399 958 1434 sub
970 1399 1104 1434 diversis
1117 1411 1207 1434 terrae
1217 1398 1378 1433 tradiibus
1389 1412 1491 1434 verno
1512 1400 1646 1446 quidem
1660 1410 1809 1443 tempore
1818 1399 1876 1434 sub
1892 1412 1950 1434 ve-

282 1450 467 1498 spertinum
479 1450 611 1484 Areturi
621 1459 788 1485 exortum.
839 1452 952 1484 Fertur
968 1461 1078 1484 autem
1089 1449 1310 1484 Chelidonias
1321 1450 1403 1482 circa
1415 1460 1506 1483 terrae
1515 1449 1613 1483 latera
1625 1447 1772 1487 humilis,
1785 1448 1956 1484 omnium-

282 1512 349 1549 que
361 1497 563 1534 suaviffimus
578 1502 612 1534 ὃς
622 1497 914 1536 commodiffimus,
925 1510 961 1533 ut
973 1498 1153 1544 plurimum
1169 1497 1246 1532 vero
1257 1499 1475 1532 inFavonium
1487 1496 1567 1536 a'bit.

379 1546 560 1584 Conclusio
570 1548 695 1582 estava.
728 1547 914 1593 Exbydtius
937 1559 1053 1582 ventus
1069 1550 1085 1582 a
1108 1558 1244 1594 ruptura
1259 1545 1399 1581 nubium
1426 1548 1535 1582 dictus
1555 1545 1742 1595 germanice
1753 1545 1958 1588 molffem

279 1596 412 1640 broch!
424 1597 615 1645 dupliciter,
626 1608 660 1630 ut
671 1596 753 1630 bene
766 1599 877 1630 innuit
888 1597 1075 1636 Kircherus,
1084 1597 1205 1630 exoriri
1217 1595 1319 1642 solet3
1346 1595 1397 1630 vel
1410 1598 1499 1631 enim
1513 1595 1653 1630 resoluta
1664 1597 1699 1629 in
1711 1596 1881 1630 humorem
1893 1608 1957 1631 uu-

280 1646 378 1682 bium
389 1646 477 1681 mole
486 1669 496 1684 ,
524 1658 595 1692 quae
608 1648 641 1679 in
654 1656 772 1679 terram
786 1657 856 1678 non
866 1648 1020 1692 guttatim
1031 1646 1152 1680 decidit
1165 1668 1175 1684 ,
1192 1645 1245 1678 {ed
1256 1645 1349 1679 totali
1358 1643 1520 1680 effusione
1532 1646 1647 1680 omnia
1660 1644 1877 1679 inundatione
1894 1644 1952 1679 sua.

281 1695 441 1740 infestat3
468 1693 519 1730 vel
529 1697 630 1729 etiam
640 1696 761 1728 eximo
773 1706 931 1739 aquatum
942 1693 1113 1741 profundo
1124 1694 1276 1733 nascitur,
1285 1693 1359 1728 cum
1376 1706 1415 1727 ex
1427 1697 1506 1729 mari
1525 1693 1727 1742 quietissimo
1740 1704 1901 1742 tempore,
1917 1698 1953 1730 &

283 1745 367 1779 mala
375 1745 421 1779 cici
432 1743 520 1791 quasi
534 1743 636 1789 scopis
648 1753 791 1790 purgato
801 1745 932 1790 exurgit
944 1744 1082 1789 quidam
1093 1755 1206 1789 vapor,
1216 1745 1276 1788 qui
1288 1742 1387 1777 instar
1398 1742 1496 1782 tubae,
1522 1755 1578 1778 aut
1591 1745 1727 1777 monicae
1739 1745 1774 1777 in
1789 1743 1910 1778 summa
1919 1757 1953 1782 m

281 1793 491 1828 altitudinem
502 1791 659 1838 paulatim
672 1791 819 1826 elevatur
831 1802 843 1836 3
867 1792 986 1826 deinde
996 1792 1075 1826 vero
1086 1792 1167 1826 adeo
1185 1791 1339 1825 dilatatur
1352 1815 1362 1829 ‚
1384 1803 1420 1826 ut
1437 1797 1587 1828 totum&
1599 1793 1718 1827 coelum
1729 1796 1765 1827 &
1777 1805 1864 1827 mare
1872 1795 1957 1830 den-v

280 1843 315 1877 sa
328 1843 467 1889 caligine
477 1842 668 1887 cooperiarg
695 1852 773 1874 mox
786 1851 893 1874 autem
907 1841 1132 1879 horridiffimi,
1142 1853 1177 1874 ac
1187 1840 1389 1874 incredibilis
1403 1841 1566 1876 violentiae
1581 1844 1672 1876 venti
1689 1842 1957 1887 consequuntur,

279 1891 404 1940 quibus
424 1893 580 1925 Oceanus
603 1887 692 1922 tanta
705 1888 794 1923 rabie
815 1890 1032 1926 incandescit,
1050 1900 1085 1922 ut
1100 1901 1198 1922 nemo
1209 1888 1304 1922 facile
1315 1889 1559 1924 formidabilem
1577 1889 1667 1924 illam
1678 1889 1844 1925 flubiuum
1857 1891 1957 1925 vehe-

280 1944 440 1976 mentiam
454 1950 626 1985 concipere
636 1949 736 1984 queat
747 1962 757 1976 ,
776 1950 836 1972 nec
858 1937 922 1971 ulla
935 1936 1032 1972 facile
1043 1941 1144 1975 navis.
1156 1936 1178 1971 si
1189 1938 1326 1984 quando
1342 1950 1377 1971 ea
1399 1940 1432 1972 in
1447 1939 1650 1985 Exhydrium
1661 1940 1851 1983 hujusmodi
1874 1952 1956 1975 ven-

281 2001 353 2024 tum
365 1987 650 2026 excidat‚evadere
667 1986 770 2033 poffit,
825 1987 926 2020 Venti
946 1987 980 2020 hi
1002 1988 1160 2034 Exhydrii
1175 1990 1208 2020 in
1218 1986 1336 2021 nostris
1345 1987 1536 2034 regionibus
1552 1986 1656 2022 solent
1669 1987 1861 2036 plerumque
1870 1991 1956 2023 acci-

278 2040 369 2078 dere,
378 2041 458 2073 dum
468 2039 521 2072 aer
534 2038 727 2082 comprimis
737 2036 782 2070 est
791 2035 885 2070 valde
895 2036 1092 2082 tranquillus
1104 2061 1115 2076 ,
1141 2047 1232 2070 rarus
1250 2039 1284 2070 ὃς
1295 2034 1434 2074 calidus,
1443 2050 1482 2070 ex
1498 2036 1643 2072 nubibus
1652 2040 1730 2072 atris
1741 2037 1834 2072 valde
1843 2041 1955 2085 gravi--

281 2087 355 2127 bus,
367 2101 402 2122 ac
413 2099 504 2122 terrae
518 2087 696 2120 admodum
707 2087 929 2132 propinqui53
955 2096 1056 2130 atque
1074 2088 1173 2119 etiam
1194 2086 1233 2118 iis
1253 2084 1454 2128 potiffirm‘im
1472 2086 1564 2124 locis,
1579 2088 1626 2120 uti
1637 2088 1723 2120 inter
1734 2089 1900 2121 montium
1912 2099 1953 2121 u-

279 2139 416 2181 trinque
425 2135 683 2170 constitutorum
696 2145 827 2169 catenas
839 2133 902 2167 five
911 2133 1073 2167 clausuras
1087 2145 1203 2167 ventus
1214 2131 1338 2179 aliquid
1349 2133 1694 2181 inferiunt-repam&
1710 2136 1837 2169 easdem
1850 2135 1956 2170 nubes

279 2184 376 2220 facile
387 2185 555 2223 sustinere,
564 2183 701 2230 alioque
711 2180 888 2218 transferre
899 2184 1014 2229 nequit
1025 2192 1036 2225 3
1053 2184 1087 2216 in
1105 2184 1221 2229 apricis
1229 2194 1339 2216 autem
1349 2182 1598 2229 campestribus,
1614 2186 1648 2218 δέ
1663 2185 1698 2218 in
1712 2183 1881 2231 planitiem
1894 2197 1952 2219 ex-

277 2232 486 2269 currentibus
498 2234 578 2267 locis
589 2234 646 2267 vix
661 2232 821 2277 eiusmodi
833 2230 981 2278 procellae
991 2233 1182 2278 contingere
1193 2229 1310 2267 solent.

369 2286 506 2325 Queres
519 2281 641 2329 primo.
667 2282 739 2315 Cur
748 2283 839 2316 venti
851 2279 1124 2325 septentrionales
1136 2285 1171 2316 ἅτ
1183 2278 1336 2314 australes
1347 2277 1410 2314 sint
1421 2280 1686 2317 vehementiores
1697 2281 1913 2318 orientalibus
1922 2286 1958 2319 δε

276 2330 551 2371 occidentalibus,
567 2329 644 2364 licet
658 2332 692 2364 in
703 2328 868 2377 aliquibus
877 2329 960 2367 locis
980 2328 1168 2376 oppositum
1192 2330 1377 2375 contingat,
1425 2329 1625 2376 Respondeo
1644 2344 1653 2365 :
1679 2333 1856 2367 Rationem
1871 2332 1933 2366 effe
1945 2355 1957 2371 ,

276 2385 358 2429 quia
370 2383 461 2417 venti
472 2379 737 2414 vehementiores
747 2380 902 2413 oriuntur
915 2391 955 2413 ex
965 2378 1155 2418 montibus,
1177 2388 1216 2413 ut
1230 2379 1358 2412 constat
1377 2378 1599 2424 experientia,
1625 2381 1717 2427 quod
1738 2384 1893 2428 provenit
1915 2394 1957 2415 ex

274 2444 340 2470 eo,
365 2441 403 2465 ut
414 2439 502 2477 patet
511 2441 552 2463 ex
564 2429 660 2463 dietis
670 2451 680 2466 ‚
706 2430 784 2475 quia
795 2441 836 2462 ex
845 2427 1016 2462 montibus
1028 2427 1158 2462 exhalat
1167 2438 1285 2474 magna
1295 2428 1389 2473 copia
1401 2428 1587 2473 spirituum,
1605 2432 1662 2476 qui
1675 2430 1956 2465 vehementiffime

274 2482 485 2515 concitantur
500 2487 512 2522 3
539 2479 704 2511 montium
722 2476 801 2512 vero
822 2479 898 2528 juga
915 2479 1137 2512 communiter
1159 2476 1405 2524 protenduntur
1420 2477 1437 2510 a
1457 2476 1677 2524 septentrione
1688 2479 1727 2513 ad
1737 2480 1956 2515 meridiem'in

274 2530 455 2564 Germania
464 2550 476 2566 ,
490 2526 609 2565 Gallia,
625 2527 784 2572 Hiipania
799 2530 835 2561 &
849 2524 966 2570 Africa
983 2536 1053 2561 tota
1064 2525 1186 2561 secatur
1198 2523 1368 2560 montibus
1381 2525 1540 2572 protensis
1549 2526 1566 2561 a
1579 2527 1802 2575 septentrione
1811 2529 1850 2563 ad
1858 2530 1957 2563 meri-

275 2579 379 2615 diem.
403 2578 492 2612 Tota
508 2574 580 2610 Asia
592 2575 752 2610 dividitur
762 2574 934 2610 montibus
947 2575 1078 2616 Sinicis‚
1095 2574 1236 2623 aliisque
1249 2576 1284 2609 in
1302 2575 1438 2609 eandem
1453 2587 1578 2621 partem
1591 2577 1858 2615 decurrentibus.
1910 2579 1958 2611 A-

273 2629 394 2662 metica
404 2625 629 2661 meridionalis
643 2628 678 2659 &
690 2637 810 2671 magna
820 2636 891 2670 pars
903 2626 1061 2659 Ameticae
1073 2623 1336 2671 septentrionalis
1351 2624 1510 2660 dividitur
1520 2626 1692 2662 montibus
1704 2624 1956 2662 decurrentibus

273 2675 294 2710 Ξ
309 2675 532 2723 septentrione
541 2675 581 2708 ad
590 2673 777 2712 meridiem.
803 2673 906 2715 Quod
924 2672 945 2707 fi
968 2686 1093 2720 qua-ras
1106 2672 1274 2709 occasione
1282 2673 1379 2717 hujus
1389 2696 1400 2712 ‚
1412 2686 1470 2708 cur
1480 2686 1598 2710 natura
1608 2677 1813 2723 protenderit
1824 2686 1957 2709 montes

274 2724 294 2759 ὲ
308 2727 533 2772 septentrione
542 2723 583 2757 ad
594 2723 779 2758 meridiem.
806 2722 1029 2768 Respondeo:
1049 2726 1230 2759 Rationem
1238 2720 1312 2761 effe,
1322 2725 1399 2770 quia
1411 2735 1542 2759 montes
1551 2724 1638 2767 sunt,
1658 2725 1750 2774 quasi
1760 2723 1823 2760 ossa
1835 2734 1928 2759 terrae
1947 2747 1959 2762 .

274 2785 296 2808 u
305 2785 318 2807 t
327 2774 459 2809 firment
472 2772 563 2808 illam
575 2783 688 2807 contra
702 2783 802 2812 mare,
814 2776 849 2807 δε
865 2771 1041 2818 praesertim
1055 2784 1168 2807 contra
1179 2784 1352 2810 oceanum,
1365 2784 1406 2806 ne
1416 2774 1543 2819 impetu
1555 2773 1614 2810 suo
1628 2786 1746 2810 terram
1761 2773 1896 2812 scindat,
1909 2775 1959 2808 0·

276 2833 396 2857 ceanus
409 2825 497 2857 enim
508 2820 688 2857 secundum
698 2820 945 2870 longitudinem
957 2822 1147 2857 extenditur
1159 2822 1199 2857 ab
1209 2824 1338 2856 oriente
1359 2824 1395 2855 in
1406 2823 1668 2864 occidentem&
1681 2822 1828 2859 verberat
1838 2823 1959 2860 mola

275 2883 436 2918 aquarum
445 2871 557 2906 littora
568 2870 840 2918 septentrionalia
850 2873 885 2905 δε
895 2869 1044 2905 australia
1060 2879 1073 2918 3
1089 2871 1177 2907 unde
1188 2870 1243 2907 illa
1254 2870 1415 2906 firmanda
1427 2870 1564 2908 fuerunt
1574 2876 1659 2923 jugis
1666 2874 1829 2908 montium
1839 2884 1939 2907 excur
1948 2890 1960 2902 a

281 2919 433 2956 tentibus
441 2920 458 2955 a
469 2920 690 2968 septentrione
700 2921 741 2955 ad
748 2920 894 2955 austrum
903 2920 957 2954 seu
967 2922 1156 2959 meridiem.
1164 2926 1172 2931 '

374 2971 512 3013 Qaeres
525 2968 684 3008 secundo.
725 2971 838 3016 Qare
851 2981 1017 3004 marmora
1027 2969 1161 3017 &ligna
1174 2980 1420 3018 nonnunquam
1430 2970 1605 3008 videantur
1612 2971 1723 3006 sudate
1731 2973 1766 3006 &
1774 2970 1957 3008 madefieri.

275 3016 500 3065 Respondeo:
520 3020 701 3054 Rationem
712 3032 782 3054 non
795 3019 868 3060 esse,
879 3018 971 3067 quod
982 3018 1048 3066 ipsa
1069 3031 1232 3055 marmora
1244 3019 1299 3056 vel
1310 3018 1400 3066 ligna
1412 3022 1568 3057 emittant
1588 3019 1684 3057 illum
1700 3021 1892 3069 humorem,
1921 3031 1961 3055 ut

276 3066 399 3118 vulgus
409 3077 515 3114 putat,
531 3066 584 3102 sed
594 3079 711 3105 ventos
719 3067 838 3119 afferre
847 3071 1003 3118 vapores,
1013 3070 1071 3118 qui
1084 3068 1308 3107 marmoribus
1317 3069 1583 3117 adhaerescente&
1592 3069 1633 3107 ab
1642 3069 1775 3119 illisque
1790 3068 1960 3118 frigefaffi

271 3115 491 3154 resolvuntur
509 3117 544 3152 in
552 3128 687 3164 aquam,
1429 3117 1435 3119 “
1451 3132 1455 3135 ·

1811 3166 1963 3214 Colliget
