2060 3444
586 157 1222 230 philosophicossPolitica.
1666 142 1760 236 165

184 235 364 274 conclufio
376 243 481 277 tertia.¹
530 243 700 278 Credibile
718 244 762 277 est
776 267 786 281 ‚
812 242 903 289 quod
919 241 1050 276 Author
1065 255 1185 277 naturae
1211 243 1302 275 Deus
1319 239 1359 275 ab
1377 239 1452 288 ipso
1468 238 1584 275 mundi
1603 241 1742 274 exordio

87 292 227 335 quando
236 292 334 324 tertio
346 294 398 325 die
415 296 629 340 congregavit
642 295 785 338 aquasin
797 291 907 326 locum
921 303 1024 325 unum
1038 315 1047 330 ‚
1072 295 1134 326 toti
1155 303 1247 337 aquae
1270 290 1313 323 sal
1325 290 1490 337 liquidum
1507 286 1710 323 admiscuerit
1723 289 1763 322 ad

86 335 226 383 piscium
245 339 363 380 vitam,
394 344 429 375 δε
443 342 772 388 contraputrediuem
795 353 898 387 aquae⁴
949 341 1050 374 Ratio
1069 342 1134 381 est,
1160 342 1281 387 quiaex
1302 340 1497 374 admistione
1518 337 1605 372 illius
1616 340 1763 383 corporis

86 398 172 432 aqua
186 385 222 419 fit
235 385 330 426 salsa,
358 390 447 435 quod
457 388 531 423 etim
541 387 718 435 separatur,
740 386 1007 434 evadirinfipida.
1034 390 1163 423 Deinde
1182 389 1259 436 quia
1276 400 1315 421 ex
1329 401 1412 435 aqua
1427 389 1525 423 maris
1543 397 1638 421 verus
1653 386 1763 420 salex·-

87 435 233 469 trabitur
245 436 323 471 dum
346 440 382 472 in
400 436 594 484 quibusdam
612 437 780 472 littoribus
800 438 911 472 aestivo
925 449 1073 483 tempore
1092 440 1189 472 maris
1201 449 1286 484 aqua
1303 439 1338 471 in
1360 437 1528 484 planitiem
1543 435 1686 482 aliquam
1697 434 1761 469 late
1792 432 1796 437 ’

84 481 244 518 funditur
254 489 289 520 δε
301 490 479 525 retinetur,
502 490 677 521 tuncsenim
689 487 773 522 Solis
783 487 891 522 calori:
899 497 1096 531 evaporatur
1105 498 1191 534 aqua
1203 512 1214 531 ‚
1241 488 1276 520 &
1290 498 1407 533 magna
1418 482 1697 532 relinquitutsalis
1707 495 1762 518 co-

85 534 244 581 pia,idem
256 534 327 569 fieri
339 535 442 583 potest
453 547 510 581 per
521 535 726 580 alambycum
737 560 747 577 ,
772 549 840 584 quo
852 535 1089 571 simoderatum
1107 538 1218 584 ignem
1226 533 1380 570 adhibeas
1389 539 1638 583 excipituraqua
1649 535 1760 568 omni.

84 595 134 618 :no
148 595 228 630 pura
238 608 248 622 ‚
273 587 309 619 &
324 582 467 618 infundo
476 581 556 619 vasis
566 584 765 631 relinquitur
778 584 841 619 Sal.

182 634 319 677 Qaeras
327 643 435 667 tamen
448 633 567 672 adhuc,
580 637 667 667 unde
690 635 740 668 hic
750 633 816 680 ipse
830 633 939 682 liquor
949 630 1047 667 {alsus
1061 644 1155 668 ortus
1177 632 1242 670 fit?
1260 634 1358 680 Resp.
1373 631 1527 668 credibile
1537 633 1582 668 est
1593 634 1760 681 liquorem

86 679 177 716 hunc
190 693 304 716 ortum
324 680 386 715 effe
401 680 452 715 vel
470 684 549 716 oriri
568 682 704 728 potuisle
721 695 760 717 ex
772 685 869 731 copia
878 682 1123 717 exhalationum
1134 706 1145 722 ‚
1169 695 1249 730 quas
1271 685 1408 717 Deusex
1419 695 1502 729 aqua
1514 682 1622 720 subito
1636 682 1760 717 elicuit.

87 732 222 766 Deinde
232 727 320 764 causa
328 730 391 764 este
404 732 508 776 potest
520 754 530 770 ‚
555 734 632 779 quia
643 734 734 778 ignes
749 735 857 771 nitro,
881 731 1026 765 alumine
1037 756 1046 770 ‚
1083 731 1246 766 bitumine
1257 733 1372 766 ardent
1390 731 1447 765 sub
1461 735 1539 765 mari
1550 730 1759 774 efficiuntque

87 779 330 826 saporemhunc
345 777 462 813 salsum
476 784 510 815 &
522 781 761 815 amarulentum
774 806 782 818 ‚
805 780 976 815 accedente
993 791 1144 825 praeterea
1159 782 1280 815 torrida
1293 804 1304 820 ,
1328 780 1470 818 viSolis,
1491 792 1562 826 quae
1574 779 1762 814 salsedinem

89 830 233 864 intendit
241 830 459 874 coquendo&
473 831 706 876 congregando
718 829 933 864 bituminosos
943 827 1092 876 spiritus,
1117 830 1204 863 unde
1216 833 1319 874 major
1330 828 1426 864 salsed
1483 828 1508 862 st
1521 828 1577 863 sub
1589 842 1674 863 zona
1689 839 1763 862 tor-

89 880 173 913 rida.
221 877 323 912 Addit
333 879 368 915 1³.
380 878 622 926 Maurus,quod
636 878 714 913 ficut
724 883 758 913 in
775 891 858 914 terta
872 879 978 926 plures
992 880 1140 925 ingentes
1152 878 1361 913 salisniinerae
1375 842 1582 925 tepffiuntur
1593 902 1601 916 ‚
1627 877 1709 911 sicin
1720 889 1761 910 eo

38 935 40 937 ’
89 925 346 973 maximo-(patio
357 937 516 962 terrarum
527 951 537 967 ‚
560 933 649 975 quod
669 931 790 975 tegitur
803 932 902 967 mati,
929 926 1002 960 sunt
1012 929 1158 964 plurimae
1179 931 1310 961 minerae
1322 928 1392 962 salis
1403 951 1412 966 ,
1437 927 1528 974 quod
1544 925 1620 961 cum
1629 926 1668 960 ab
1678 938 1764 972 aqua

87 974 218 1024 liquefit
229 975 338 1009 reddit
354 974 446 1011 illam
458 975 589 1013 salsam:
615 977 700 1011 unde
708 980 806 1012 etiarn
819 990 858 1012 ex
868 990 906 1011 eo
916 1001 927 1017 ‚
953 976 1044 1023 quod
1059 977 1206 1023 quaedam
1224 979 1324 1010 maria
1336 976 1506 1010 abundent
1516 975 1662 1022 pluribus
1672 998 1682 1013 ‚
1707 985 1764 1009 aut

88 1024 298 1074 paucioribus
310 1027 448 1059 mineris
460 1024 553 1065 salis,
581 1027 650 1060 fieri
671 1027 775 1072 potest
789 1050 798 1064 ‚
840 1038 875 1061 ut
887 1024 948 1060 sint
958 1028 1062 1072 magis
1074 1027 1252 1059 autminus
1266 1024 1353 1060 salsa.
1407 1024 1708 1059 Confirmaturlioc
1726 1035 1767 1057 ex

88 1074 247 1110 relatione
260 1073 376 1108 Insulae
387 1077 503 1109 Ormus
513 1076 606 1109 diciae
616 1098 626 1114 ,
652 1088 724 1122 quae
737 1074 821 1109 nihil
843 1074 978 1123 peneest
999 1073 1089 1109 aliud
1103 1097 1114 1113 ‚
1141 1086 1355 1122 praeterquam
1374 1075 1475 1110 durus
1488 1077 1522 1109 δέ
1533 1074 1688 1108 candidus
1700 1068 1742 1106 sal
1754 1095 1765 1110 ‚

86 1136 130 1160 ex
142 1135 209 1171 quo
224 1124 307 1158 aedes
322 1125 397 1170 ipsae
415 1124 638 1158 conficiuntur
650 1148 659 1162 ‚
686 1126 734 1159 uti
755 1137 863 1171 neque
881 1122 968 1159 ullus
983 1125 1079 1157 etiam
1097 1125 1130 1157 in
1152 1124 1304 1170 praedidta
1315 1123 1420 1161 Insula
1433 1135 1549 1172 puteus
1561 1134 1652 1171 aquae
1664 1121 1768 1156 dulcis

87 1174 261 1222 reperitur.
311 1172 482 1208 Undesalis
491 1176 621 1220 copiam
633 1176 768 1208 marinis
777 1175 871 1221 aquis
883 1172 1004 1207 subesse
1019 1173 1147 1207 videtur
1158 1183 1298 1212 certum.

183 1223 318 1264 Quaeres
331 1223 451 1269 ptimo.
501 1224 573 1258 Cur
590 1236 630 1257 ex
643 1225 749 1269 puteis
763 1225 845 1257 circa
860 1234 948 1256 mare
960 1220 1067 1256 effofis
1078 1221 1189 1256 dulces
1198 1222 1393 1257 hauriantur
1405 1221 1532 1255 latrices
1545 1243 1556 1258 2
1580 1219 1637 1255 etfi
1650 1220 1667 1255 ὲ
1684 1221 1769 1255 mari

83 1269 283 1318 plerumque
295 1272 448 1308 derivati.
490 1272 701 1318 Respondeo,
713 1274 877 1306 rationem
890 1269 952 1306 eise
964 1294 974 1309 ,
987 1274 1066 1318 quia
1081 1283 1136 1317 per
1145 1283 1258 1306 arenas
1269 1272 1392 1313 trajecti
1404 1275 1436 1305 &
1448 1268 1616 1317 percellati
1628 1282 1768 1304 terream

84 1321 176 1356 illam
186 1324 437 1355 concretionem
449 1332 585 1356 exuunt.
632 1321 710 1355 Ideo
730 1332 765 1355 ut
774 1324 818 1355 ait
829 1320 951 1355 Plinius
963 1319 1022 1357 lib.
1046 1330 1100 1358 31.
1110 1332 1135 1353 c.
1149 1323 1181 1359 6,
1202 1318 1340 1355 demiffae
1356 1323 1389 1353 in
1403 1332 1490 1354 mate
1512 1317 1583 1366 pila:
1595 1331 1743 1353 concavae
1753 1318 1771 1351 ὲ

35 1388 37 1390 ·
83 1382 171 1416 cera,
184 1368 248 1404 five
258 1367 328 1405 vasa
341 1383 429 1404 cerea
443 1370 591 1418 undique
600 1368 697 1407 densa
707 1369 836 1404 orificio
848 1393 857 1408 ‚
877 1371 1103 1406 dulcemintra
1116 1366 1145 1402 se
1155 1370 1311 1416 colligent
1321 1370 1495 1403 humorem
1507 1395 1519 1412 ‚
1537 1371 1614 1414 quia
1623 1378 1770 1401 meatum

16 1425 18 1436 ·’
36 1450 37 1453 ,
81 1420 243 1467 angustiis
254 1431 358 1466 partes
371 1420 531 1453 duntaxat
551 1422 716 1454 tenuiores
734 1431 828 1466 aqnae
838 1423 873 1454 &
888 1419 905 1453 {1
918 1430 1046 1453 terrena
1059 1421 1222 1453 miXtione
1232 1418 1396 1453 difaecatas
1410 1419 1570 1462 recipient
1582 1440 1593 1455 ,
1616 1417 1704 1450 unde
1714 1428 1773 1448 ex-

84 1468 192 1504 clusus
205 1468 387 1503 remanebit
410 1467 459 1502 Sal
469 1492 479 1507 ‚
507 1480 624 1515 utpote
635 1468 765 1503 ctaffior
774 1470 914 1503 humore
926 1467 1028 1504 dulci.
1078 1469 1129 1501 Sic
1142 1472 1239 1502 etiam
1256 1467 1355 1502 elana
1365 1465 1667 1513 appenialateribus
1677 1466 1775 1498 navi·-

84 1521 218 1568 giorum
230 1517 337 1564 dulcis·
351 1516 461 1565 liquor
476 1520 674 1564 exprimitur
687 1541 697 1556 ‚
720 1521 798 1564 quia
809 1518 922 1552 succus
940 1516 995 1552 ille
1014 1516 1174 1552 halitusve
1189 1519 1333 1551 marinus
1349 1517 1437 1551 utest
1451 1515 1544 1549 valde
1554 1514 1699 1552 subtilis,
1725 1513 1771 1547 ita.

43 1590 45 1592 -
86 1580 223 1603 terrena*
236 1567 418 1602 adustionis
445 1567 528 1602 nihil
551 1568 654 1615 prope
668 1566 787 1607 habet,
816 1565 896 1601 fi:ut
919 1577 979 1600 ne:
1001 1565 1119 1612 pluviae
1137 1567 1154 1599 ἐ
1170 1566 1345 1612 vaporibus
1356 1567 1596 1602 marinisortae.
1622 1563 1770 1597 salenim

87 1630 170 1665 aqua
182 1619 361 1665 graviorin
373 1615 509 1662 vapores
527 1628 597 1651 non
617 1615 761 1662 assurgit.
811 1617 892 1650 Sunt
913 1626 1022 1648 tamen
1038 1618 1137 1649 etiam
1149 1615 1243 1649 multi
1254 1613 1360 1649 fontes
1379 1618 1508 1649 &lacus
1519 1611 1587 1646 falfi
1600 1635 1610 1650 ,
1635 1611 1772 1658 quando

86 1666 289 1714 nempeitae
300 1667 381 1699 mari
393 1665 604 1704 derivantur,
630 1677 744 1700 utnon
757 1664 829 1699 satis
847 1663 1019 1711 colentur3
1038 1663 1090 1697 vel
1103 1665 1180 1698 verb
1190 1666 1266 1710 quia
1278 1675 1333 1710 per
1346 1675 1443 1698 venas
1456 1661 1753 1697 lalirastranseunt.

181 1717 317 1760 Qiaeres
329 1713 484 1751 secundo.
536 1716 606 1749 Cur
619 1714 688 1748 loca
697 1716 822 1748 marina
834 1712 894 1747 {int
904 1716 1013 1748 minus
1025 1712 1155 1758 frigida.
1215 1713 1426 1760 Respondeo.
1438 1708 1565 1745 causam
1578 1709 1639 1744 effe
1650 1733 1659 1749 ,
1686 1708 1777 1755 quod

82 1778 174 1802 mare
183 1763 447 1799 exhalationibus
459 1762 587 1800 ficcis&
597 1764 709 1799 calidis
718 1761 924 1810 conspersum
937 1761 988 1800 fit.
1039 1763 1237 1800 Hincetiam
1248 1765 1372 1797 marina
1381 1773 1465 1808 aqua
1480 1758 1648 1801 calefacit,
1674 1762 1776 1795 &vt-

27 1836 35 1840 -
82 1814 203 1854 liccat,
226 1826 267 1850 ut
283 1814 407 1848 docent
418 1813 553 1847 medici.

182 1866 320 1909 Qaeres
330 1862 443 1900 tertio.
491 1865 610 1897 Utrum
620 1874 708 1897 mare
719 1860 756 1896 fit
774 1862 878 1909 magis
896 1860 1056 1895 {alfamin
1070 1856 1259 1905 superficie,
1286 1858 1386 1906 quim
1400 1860 1433 1892 iu
1448 1856 1566 1897 fundo,
1624 1857 1779 1905 Respona'

84 1911 277 1960 deo‚vulgo
291 1913 426 1959 quidem
439 1912 517 1950 diti,
532 1914 667 1945 marein
691 1909 862 1957 superficie
891 1913 1004 1952 majori
1027 1909 1200 1955 praeditum
1221 1906 1375 1941 salsedine
1387 1906 1430 1941 ob
1440 1907 1671 1943 Soliscalorem
1682 1935 1694 1950 ³
1719 1908 1780 1954 qui

83 1975 193 2012 partes
202 1964 382 1997 humorum
401 1963 604 1994 marinorum
614 1960 829 1994 levissimas&
838 1959 912 1992 idm
922 1958 1032 1992 dulces
1042 1957 1167 1992 affiduo
1178 1957 1334 2003 extrahit,
1357 1956 1477 1991 relidis
1490 1957 1698 2005 gravioribus
1707 1980 1716 1992 .
1743 1959 1779 1990 in

34 2011 46 2038 ³·
83 2012 208 2060 quibus
221 2009 515 2050 salsedoconfistit,
543 2022 583 2043 ex
596 2022 665 2056 quo
686 2008 747 2047 fit,
775 2019 811 2042 ut
832 2020 940 2054 aqua,
966 2019 1038 2055 quae
1060 2006 1279 2053 relinquitur,
1303 2005 1422 2040 evadat
1433 2009 1536 2054 magis
1549 2006 1641 2043 salsa.
1689 2008 1779 2040 Vero

84 2061 223 2097 similius
232 2072 343 2094 tamen
357 2061 403 2094 est
416 2058 685 2106 coeterisparibus
696 2082 706 2097 ,
731 2069 852 2104 aquarn
868 2059 965 2091 maris
975 2059 1010 2090 in
1022 2055 1129 2091 fundo
1142 2054 1301 2089 salsiorem
1314 2054 1376 2089 else
1394 2078 1404 2092 ‚
1432 2057 1532 2102 quam
1548 2058 1582 2090 in
1593 2054 1776 2101 superficie,

84 2111 177 2159 quod
187 2122 274 2157 aqua
294 2108 371 2143 salsa
385 2108 422 2142 {it
442 2107 529 2142 dulci
544 2110 701 2154 graviorg
727 2119 828 2141 omne
843 2117 950 2139 autern
962 2118 1060 2151 grave
1075 2102 1260 2141 descendat.
1311 2104 1439 2138 Deinde
1449 2104 1526 2139 cum
1550 2117 1590 2138 ex
1603 2105 1675 2138 salis
1688 2102 1781 2137 forli-

83 2163 137 2197 nis
146 2163 227 2196 mati
237 2158 376 2194 subditis
385 2156 507 2192 salsedo
522 2157 646 2203 petitu,
672 2156 772 2204 quam
783 2156 799 2190 a
810 2154 880 2189 salis
890 2156 1062 2190 exustione
1074 2152 1162 2188 suam
1173 2154 1656 2201 ducaroriginemetiamaquae
1669 2153 1719 2186 his
1729 2151 1782 2186 fo-

86 2211 175 2246 dinis
184 2211 353 2256 propiores
372 2206 493 2251 maiori
509 2206 581 2241 salis
600 2210 695 2254 copia
707 2205 814 2240 imbui
829 2204 962 2241 debent.
1014 2205 1103 2238 Idem
1113 2203 1290 2236 dicendum
1303 2204 1343 2237 de
1362 2200 1530 2237 littoribus
1542 2206 1640 2237 matis
1657 2213 1668 2246 3
1697 2213 1775 2235 narn

87 2258 295 2294 ubivicinam
307 2256 378 2292 salis
389 2259 549 2292 mineram
560 2280 570 2294 ‚
597 2269 687 2291 marc
696 2256 861 2290 continuis
872 2252 1027 2288 fluoribus
1038 2252 1168 2286 alluerit
1182 2276 1192 2290 ‚
1217 2253 1250 2285 id
1264 2251 1423 2300 salsugine
1435 2254 1469 2286 in
1479 2250 1591 2286 littore
1601 2249 1776 2289 intensius,

88 2308 192 2355 quam
202 2309 236 2342 in
245 2308 355 2342 medio
368 2306 474 2341 imbui
484 2303 607 2341 necesse
620 2306 687 2353 est3
711 2317 747 2340 ut
756 2306 856 2340 etiam
870 2302 1062 2349 salinae,quae
1072 2303 1110 2336 ad
1121 2304 1228 2349 ripam
1241 2303 1338 2337 maris
1347 2313 1468 2349 magno
1480 2300 1674 2336 mortalium
1686 2312 1782 2334 com·

87 2357 408 2392 modoinstruuntur
419 2380 427 2394 ‚
454 2355 528 2390 satis
544 2355 716 2389 testantur.

188 2406 321 2449 Quaeres
330 2404 462 2452 quarto.
511 2405 583 2439 Cur
594 2407 723 2439 marina
741 2415 824 2451 aqua
842 2398 1130 2450 potuiineptafit'?
1156 2399 1368 2446 Respondeo‚
1380 2400 1508 2434 caulam
1520 2397 1583 2434 esse
1597 2427 1610 2448 ‚
1652 2400 1729 2446 quia
1739 2395 1783 2432 sal

86 2455 238 2503 linquam
260 2454 402 2503 pungit]
437 2453 515 2489 cum
540 2454 669 2489 constet
688 2453 856 2500 spiritibus
874 2450 1046 2486 noniacile
1066 2450 1226 2484 amaretia
1243 2448 1338 2483 molli
1356 2447 1579 2486 flexibilibus,
1605 2451 1707 2494 quiin
1726 2457 1786 2482 cu-⁴

89 2505 196 2551 spides
207 2504 305 2537 creati
313 2504 455 2539 telorum
467 2505 565 2538 instar
575 2504 695 2550 linguae
707 2516 805 2543 poros
818 2501 1055 2549 ingrediuntur
1081 2523 1090 2539 ‚
1106 2498 1259 2546 atqueitit
1273 2499 1476 2543 penetrando
1488 2510 1644 2546 pungunt
1662 2520 1671 2537 ‚
1702 2496 1779 2531 cum

84 2553 223 2590 econtra
235 2564 440 2601 partesyaquae
452 2553 565 2588 dulces
577 2553 723 2588 molliter
735 2552 842 2588 fluidae
853 2574 863 2589 ‚
889 2550 935 2584 ob
947 2548 1159 2593 facilitatem,
1185 2547 1251 2596 quzi
1263 2545 1448 2583 flestuntut
1460 2572 1471 2590 ,
1497 2547 1636 2583 suaviter
1646 2545 1780 2593 gustum

87 2602 250 2638 afficiant.
328 2600 330 2602 ’

187 2654 324 2694 Quaeres
335 2650 464 2698 quinto.
514 2651 586 2685 Cur
597 2663 681 2698 aqua
694 2649 771 2685 salsa
786 2647 943 2683 calefacta
958 2644 1068 2681 salsior
1087 2644 1267 2684 reddatur?
1293 2645 1583 2695 Respondeo‚quia
1594 2643 1671 2678 cum
1684 2638 1775 2678 mul-3

87 2713 130 2738 τε
142 2712 249 2749 partes
261 2711 352 2746 aquae
371 2713 424 2746 per
441 2700 584 2735 calorem
593 2712 771 2736 attenuatae
781 2699 915 2733 avolent
928 2721 938 2736 ‚
964 2696 1080 2733 eadem
1094 2696 1166 2731 [alis
1175 2699 1347 2745 quantitas
1360 2698 1523 2738 minorem
1538 2705 1628 2739 aqua:
1644 2691 1781 2727 materi-

91 2764 145 2788 am
155 2749 362 2798 superstitem
377 2752 476 2796 magis
491 2747 730 2798 consequenter
747 2748 857 2783 salsam
867 2745 990 2795 efficit3
1016 2744 1059 2780 sal
1074 2749 1197 2794 quippe
1210 2770 1222 2785 ,
1245 2758 1305 2780 nec
1315 2745 1408 2784 Sole,
1434 2757 1490 2779 nec
1507 2747 1586 2790 igue
1598 2745 1633 2775 in
1644 2752 1782 2789 vapores

91 2800 269 2837 resolvitur
283 2822 293 2837 ,
318 2810 376 2832 nec
395 2797 548 2834 bullienti
558 2812 649 2847 aquae
663 2799 806 2845 inje&us
823 2807 998 2843 evaporat,
1024 2794 1101 2830 alias
1119 2795 1228 2830 nullus
1243 2794 1336 2830 cibus
1349 2804 1544 2839 coqueretur
1557 2789 1661 2825 (alsus
1673 2815 1684 2832 ‚
1713 2802 1783 2825 non

90 2853 175 2898 quia
201 2860 318 2884 natura
348 2850 477 2894 gravior
499 2872 510 2887 ,
551 2848 656 2884 multa
675 2851 763 2883 enim
780 2849 892 2895 gravia
912 2844 1093 2880 levioribus
1116 2845 1247 2880 facilius
1267 2853 1480 2878 attenuantur
1497 2865 1508 2880 ‚
1536 2839 1577 2875 fic
1600 2843 1782 2875 mercurius

92 2903 224 2947 aqua&
235 2899 301 2932 haec
314 2896 388 2932 oleo
398 2899 529 2943 gravior
539 2897 603 2937 est,
630 2897 706 2932 cum
730 2896 840 2932 tamen
853 2907 936 2944 aqua
950 2906 1014 2941 prae
1031 2894 1116 2929 olaeo
1126 2918 1137 2934 ,
1163 2899 1198 2930 &
1212 2906 1275 2940 prae
1294 2904 1379 2939 aqua
1389 2892 1568 2926 mercurius
1579 2891 1674 2924 citius
1682 2889 1777 2924 abeat

92 2952 131 2985 in
141 2957 299 2995 vapores;
326 2947 378 2981 led
391 2948 468 2994 quia
476 2948 607 2994 spiritus
619 2946 691 2983 salis
705 2945 848 2982 maxime
860 2944 1008 2980 fixiadeb
1017 2946 1175 2979 tenaciter
1186 2945 1217 2978 ie
1226 2944 1366 2977 matetiae
1376 2944 1591 2989 intorquent,
1615 2950 1651 2974 ut
1662 2952 1701 2974 ex
1712 2937 1783 2986 pel-

95 2998 199 3034 lirion
208 2996 304 3032 facile
314 2995 449 3044 poffint.
629 3036 632 3038 v
898 3008 901 3009 ν

190 3049 327 3090 Quaeres
339 3045 445 3083 sexto.
494 3044 567 3080 Cur
576 3045 675 3092 pisces
690 3047 811 3082 marini
824 3056 893 3079 non
905 3042 1088 3078 afficiantur
1096 3042 1194 3079 maris
1213 3039 1381 3077 salsedine.
1436 3036 1648 3085 Respondeo‚
1659 3036 1787 3073 causam

94 3095 309 3137 esse,illorum
318 3096 460 3130 calorem
473 3094 656 3131 naturalem
665 3096 867 3144 separantem
882 3092 1003 3129 dulcea
1015 3091 1107 3129 salso.
1156 3092 1245 3124 Hinc
1256 3101 1342 3136 aqua
1351 3089 1510 3123 duntaxat
1522 3088 1611 3124 dulci
1629 3087 1787 3122 nutriun-

94 3152 165 3185 tur.
176 3146 307 3184 unde&
316 3144 376 3188 ipfi
387 3143 526 3178 minime
537 3143 608 3178 salli
617 3145 703 3187 sunt.
728 3143 912 3177 Occasione
927 3143 1025 3188 hujus
1036 3139 1173 3224 qufgfiti'
1184 3150 1264 3174 nota
1286 3149 1403 3187 praeter
1422 3138 1509 3173 dicta
1519 3138 1560 3175 de
1573 3132 1788 3195 ialextollibili

886 3196 889 3199 *
1087 3211 1097 3224 a
1146 3201 1162 3235 3
1631 3198 1650 3220 a
1660 3191 1788 3218 marina

2013 522 2033 541 (Δ
