2060 3444
261 157 357 214 218
875 142 1251 212 Me'teorologia

358 237 406 271 Ex
417 234 469 270 his
483 232 618 279 colliges
628 227 737 277 pti-*nb
750 252 760 269 ,
786 234 876 264 tertae
898 239 1025 263 motum
1039 228 1111 263 fieri
1131 225 1220 275 posse
1238 235 1297 273 per
1305 220 1756 261 exhalationesinclusas'rum
1767 216 1939 257 acernias}

258 286 398 333 quando
414 295 530 328 nempe
543 281 677 326 spiritus
688 281 781 317 nitri,
811 276 976 324 sulphuris
987 276 1207 313 &bituminis
1223 276 1409 310 adunantur
1426 276 1462 308 in
1482 283 1600 320 magna
1613 274 1705 318 copia
1730 294 1740 309 ,
1766 273 1799 305 δε
1813 267 1866 303 vel
1879 276 1935 312 pet

261 346 406 375 motum.
433 331 483 366 vel
496 342 553 377 per
572 331 781 364 attritionem
797 351 806 366 ‚
829 326 879 361 vel
895 321 950 374 p'e‘r
958 328 1049 374 ignes
1057 325 1298 362 subterraneos,
1322 336 1379 358 aut
1390 327 1487 358 etiam
1499 335 1553 368 per
1566 319 1810 365 antiperistasrm
1821 328 1937 352 accen·

261 385 402 421 dantur,
429 385 463 416 &
474 392 529 426 per
541 376 767 413 accensionem
780 376 948 415 ratefia'nt,
974 387 1010 410 ut
1019 375 1121 410 libere
1132 374 1369 420 exspirate'non
1380 372 1520 420 poffint3
1552 382 1623 405 tum
1632 371 1730 403 etiam
1744 379 1800 414 per
1812 365 1935 402 halitus

264 445 336 468 non
348 430 498 466 accenlos
511 454 524 473 ,
550 426 602 461 sed
611 427 652 460 ad
666 427 801 461 modum
813 426 1157 460 ventorum-duntaxat
1170 426 1365 461 concitatos,
1390 434 1465 456 nam
1478 420 1556 454 sicut
1568 419 1698 464 spiritus
1710 439 1720 456 ‚
1746 415 1820 450 cum
1832 419 1867 450 in
1878 418 1935 448 ae-

257 494 293 516 re
305 481 512 515 concitantur
523 500 534 516 ‚
559 476 800 511 moventillum
811 472 1101 511 vehementiffime‚
1124 476 1157 507 &
1169 470 1302 506 causant
1312 482 1440 509 ventos,
1470 470 1544 504 cum
1558 467 1617 502 fint
1629 469 1663 501 in
1673 477 1770 511 aqua,
1781 475 1935 499 commo.

258 541 340 565 vent
351 539 472 575 aquas,
500 530 535 561 δε
548 526 682 560 causant
692 524 919 573 tempestates3
946 522 988 557 fic
997 523 1071 558 cum
1085 520 1217 568 serpunt
1227 533 1283 568 per
1300 531 1390 555 terrae
1402 519 1521 555 viscera
1535 541 1545 557 ,
1569 516 1766 552 concutiunt
1777 523 1910 549 terram.

352 583 502 635 Golliges
519 585 687 627 secundo:
714 587 766 622 Ad
786 583 1009 620 accensionem
1027 582 1190 618 ha'lituum
1206 593 1274 615 non
1292 583 1417 628 requiri
1435 581 1559 628 semper
1576 582 1668 626 ignes
1685 577 1931 621 subterraneos,

256 651 318 674 nec
330 641 418 674 enim
429 636 488 672 sub
500 640 593 672 omui
604 648 694 672 terrae
703 637 809 671 tracstu
819 635 854 668 hi
869 634 1085 672 ardent‚unde
1097 644 1136 666 eo
1147 630 1213 665 fere
1228 631 1328 664 modo
1343 635 1377 665 δε
1392 631 1450 666 iub
1465 642 1549 664 terra
1562 629 1696 663 accendi
1709 625 1854 673 ροῖἰίιηῑ,Δ
1865 641 1932 674 quo

255 691 291 724 in
314 692 398 723 aere.
448 688 538 721 Hinc
548 685 757 721 subterranea
769 683 928 731 fulgura,
952 682 1115 719 fulmina,
1141 684 1288 715 tonitrua
1308 683 1375 720 διε,
1391 680 1566 728 quomodo
1588 677 1668 713 νεῐὸ
1687 676 1884 712 accendatur
1896 683 1931 715 in

259 739 346 777 a'e're,
357 736 481 771 constat
490 748 530 769 ex
539 736 647 772 dietis.

356 785 504 832 Colliges
525 783 644 819 tertio:
670 781 780 818 Solem
802 783 920 820 etiam,
942 791 978 816 ut
997 778 1146 814 observat
1169 780 1361 815 Honoratus
1371 777 1463 813 Fabri
1477 801 1486 816 ‚
1512 773 1727 824 aliquomodo
1740 776 1839 809 etiam
1850 788 1934 811 con·

258 847 388 870 currere
400 836 440 868 ad
449 845 541 868 terrae
553 844 701 870 motum,
728 844 795 866 non
814 830 947 878 quidem
968 841 1130 877 quatenus
1148 830 1317 874 praedistos
1330 828 1472 865 halitus,
1498 828 1600 874 quiin
1614 836 1705 860 retrae
1717 827 1862 859 cavernis
1880 838 1933 860 co.

255 896 382 932 guntur
395 907 406 923 ‚
424 883 562 929 educat3
588 884 649 917 hoc
658 883 748 916 enim
761 881 829 916 fieri
844 892 912 914 non
926 878 1044 925 potest,
1068 877 1142 912 cum
1156 888 1224 912 tam
1242 878 1377 922 alteejus
1387 877 1468 911 radii
1480 888 1550 909 non
1561 885 1746 921 penetrent,
1756 873 1808 907 [ed
1817 887 1932 922 quare-

256 946 319 968 nus
329 936 362 969 vi
374 932 458 968 Solis
469 932 487 965 ὲ
497 932 637 966 terrestri
648 929 866 979 globoeduCti
876 927 1256 962 concrescuntdeindein
1266 927 1405 964 imbres,
1430 928 1523 959 nives
1542 928 1575 958 δ’(
1593 922 1654 956 alia
1667 925 1767 956 mixta
1777 925 1932 971 imperfe-

253 984 328 1022 ἀεὶ,
354 995 426 1030 quae
450 993 570 1015 terram
588 978 723 1015 diluunt
734 1004 743 1018 ,
767 992 802 1014 ac
812 978 988 1024 subigunt,
1014 980 1047 1011 &
1061 977 1191 1010 tandem
1209 976 1462 1023 percolanturin
1473 971 1689 1021 longiffimi³‚
1713 975 1746 1005 ὃ(
1759 970 1933 1009 finuofiffi,

255 1037 318 1067 mis
330 1030 512 1068 meatibus,
533 1032 624 1071 cujus
633 1028 877 1077 percolla'tionis
887 1037 1006 1073 opera,
1031 1035 1103 1059 tum
1122 1024 1330 1074 multaeiguis
1339 1024 1501 1072 particula:
1516 1021 1737 1068 colliguntur,
1761 1024 1851 1058 unde
1869 1036 1931 1057 τιο-κ

225 1094 320 1124 &vus
329 1082 419 1116 calor
432 1102 442 1119 ,
470 1091 539 1113 tum
549 1081 682 1113 materia
692 1088 891 1125 praeparatur
903 1098 914 1114 2
939 1086 1011 1123 quae
1022 1074 1141 1109 deinde
1153 1076 1188 1109 in
1200 1073 1338 1110 halitum
1350 1073 1445 1109 facile
1460 1067 1728 1107 inflammabi-lem
1741 1072 1932 1120 abeat,qua‹=

255 1131 322 1166 lem
336 1143 421 1173 terre
432 1139 542 1163 motus
551 1127 722 1164 desiderat.
1821 1153 1823 1155 ¹

355 1178 504 1224 Colliges
523 1178 668 1223 quarto:
696 1175 998 1223 non'quascunque
1013 1171 1237 1208 exhalationes
1255 1172 1296 1207 ad
1315 1164 1538 1207 terraemotuin
1560 1170 1706 1206 sufficere
1718 1195 1728 1210 ‚
1753 1182 1822 1205 non
1840 1173 1932 1205 enim

253 1231 527 1277 quotiesinterta
539 1224 866 1272 suntexhalationes‚
887 1233 971 1257 terra
994 1223 1206 1268 concuti·tut;
1233 1220 1286 1256 sed
1305 1222 1441 1270 quando
1461 1219 1525 1254 illae
1556 1221 1602 1254 ita
1619 1219 1757 1268 copiosae
1776 1219 1871 1259 sunt,
1897 1227 1935 1254 ut

256 1281 430 1313 continere
445 1274 516 1309 illas
533 1285 616 1308 terra
630 1284 774 1322 nequeat
795 1275 829 1307 in
843 1275 934 1307 venis
946 1294 956 1309 ,
976 1270 1035 1305 ubi
1045 1270 1156 1305 clausae
1165 1270 1263 1313 sunt,
1285 1268 1345 1306 sed
1359 1270 1554 1316 ampliorem
1567 1272 1704 1317 exigunt
1714 1269 1934 1316 locum‚qu0d

253 1327 292 1362 fit
301 1351 311 1367 ‚
334 1325 470 1375 quando
483 1322 534 1358 vel
543 1324 649 1372 magis
660 1336 744 1358 terra
757 1322 970 1368 constipatur,
981 1319 1032 1354 vel
1043 1319 1154 1354 rarefit
1165 1321 1344 1359 exhalatio,
1351 1320 1403 1355 vel
1411 1318 1520 1354 subite>
1528 1319 1657 1366 copiosa
1668 1329 1858 1367 generatur.

352 1375 500 1421 Colliges
514 1371 800 1420 demum'quinto:
831 1373 1070 1405 Terraemotum
1085 1382 1142 1416 per
1151 1368 1259 1405 causas
1272 1368 1313 1404 fic
1326 1369 1456 1404 definiri
1468 1366 1559 1415 poffe
1569 1391 1579 1406 ‚
1606 1367 1698 1414 quod
1711 1368 1748 1402 fit
1762 1367 1930 1402 concuffio

252 1436 346 1460 terrae
359 1425 486 1460 causata
504 1422 522 1456 ὲ
539 1421 707 1470 spiritibus
724 1419 905 1457 interclusis
915 1444 930 1467 ,‚
959 1416 1079 1466 veiper
1087 1421 1297 1454 attritionem
1307 1431 1363 1455 aut
1374 1422 1467 1467 ignes
1481 1415 1709 1452 subterraneos
1725 1415 1865 1452 accenfis
1881 1415 1933 1453 vel.

253 1477 424 1516 concitatis
434 1472 473 1507 ad
484 1474 621 1508 modum
636 1474 742 1511 venti.

441 1597 1098 1681 CONCLUSIO
1172 1598 1729 1675 POLlTlCA.

426 1705 718 1774 Nimium
746 1702 1089 1790 stringendo
1123 1701 1512 1770 dissolvuntur
1540 1704 1754 1792 Leges⁶

305 1835 481 1873 Nventurn
492 1835 630 1872 coelestis
645 1835 825 1882 prudentiae
843 1836 908 1868 Lex
920 1834 965 1868 est
979 1834 1181 1868 stillicidium
1195 1836 1315 1869 divina:
1326 1835 1503 1878 sapientiae,
1530 1835 1645 1870 oculus
1668 1834 1791 1882 publici
1805 1832 1903 1868 statiis
1915 1853 1927 1872 .

247 1847 491 1945 Icommunis
504 1898 596 1921 mens
605 1887 703 1929 Reip,
716 1907 727 1923 ,
756 1895 920 1929 compago
931 1884 1052 1917 civium
1063 1906 1072 1920 ,
1099 1882 1354 1917 fundamentum
1370 1883 1529 1917 libertatis
1545 1907 1554 1921 ,
1579 1896 1698 1919 nervus
1713 1883 1843 1930 politici
1853 1894 1925 1916 cot-

306 1939 396 1985 poris
406 1961 417 1978 ,
441 1938 549 1970 anima
560 1933 695 1970 urbium
707 1957 717 1972 ,
731 1932 777 1968 ’δε
790 1931 811 1967 fi
822 1932 964 1966 Pindaro
973 1932 1134 1966 credimus
1147 1955 1158 1971 ,
1183 1935 1312 1978 Regina
1324 1935 1477 1966 omnium
1494 1933 1685 1966 mortalium
1696 1955 1706 1971 ,
1731 1930 1929 1967 immortali-

247 1985 370 2034 fimque
383 2009 393 2025 ‚
411 1997 483 2034 quae
500 1984 631 2019 vivendi
644 1982 790 2031 tegulam
803 1983 946 2028 imponit
961 1999 975 2026 ·,
1002 1980 1168 2015 licentiam
1182 1981 1389 2027 constringit.
1438 1983 1513 2015 Sine
1527 1981 1597 2029 lege
1610 2007 1619 2022 ,
1645 1986 1679 2016 δε
1693 1985 1784 2029 Rege
1799 1983 1907 2016 vivere
1919 2003 1930 2021 ἱ

248 2035 295 2069 est
308 2033 585 2070 damnofiffimum
599 2044 781 2080 progrege,
833 2031 1031 2066 Remedium
1040 2032 1190 2064 omniurn
1201 2031 1362 2064 malorum
1373 2030 1425 2063 lex
1441 2031 1484 2064 est
1499 2054 1507 2068 ,
1533 2043 1654 2065 naturae
1665 2030 1867 2076 emendatio,
1877 2031 1930 2063 in-

246 2085 423 2131 :equalium
435 2094 691 2132 aequamentum.
744 2083 786 2115 At
799 2092 835 2114 ut
848 2079 932 2114 nihil
952 2091 1017 2114 tam
1031 2079 1112 2114 utile
1133 2082 1167 2114 in
1185 2081 1337 2113 humanis
1351 2100 1360 2115 2
1385 2081 1477 2125 quod
1499 2081 1616 2114 modus
1627 2093 1693 2113 nou
1703 2081 1933 2118 commendet:

245 2135 292 2167 ita
305 2133 418 2181 legum
435 2131 576 2168 excelsus
589 2132 634 2166 est
656 2130 890 2165 servandorum
909 2128 1070 2166 d'efestuS.
1121 2129 1299 2163 Prohibere
1314 2130 1426 2162 omnia
1439 2152 1449 2169 ,
1473 2131 1632 2174 imperate
1655 2130 1792 2166 cuneta,
1810 2140 1930 2174 negate

246 2180 375 2229 fingula
388 2205 398 2220 ‚
434 2185 545 2229 jugum
555 2182 600 2216 est
620 2178 779 2215 omnibus
798 2181 918 2224 impar.
968 2177 1038 2225 Ipse
1055 2175 1184 2225 sangnis
1198 2180 1270 2212 vitae
1289 2179 1364 2219 dos,
1392 2181 1426 2212 δε
1450 2176 1620 2212 necessaria
1632 2180 1749 2212 anima:
1762 2176 1930 2226 supellex2·

245 2230 464 2266 excrescendo
473 2232 640 2276 extinguit
654 2253 664 2268 ,
690 2227 892 2262 abundantia
907 2226 1095 2273 submergit.
1140 2228 1263 2261 Natare
1274 2226 1369 2262 debet
1386 2229 1487 2261 corin
1505 2225 1680 2276 sanguine.
1707 2239 1776 2261 non
1791 2226 1928 2260 fluctua-

246 2292 295 2317 re.
345 2282 392 2313 Ita
405 2278 518 2327 legum
532 2279 731 2316 multitudo,
758 2288 814 2311 aut
830 2277 959 2323 pondus
972 2278 1132 2323 opprimit
1148 2275 1413 2322 Rempublicam.
1466 2275 1569 2310 Pressa
1580 2275 1721 2310 nimium
1733 2286 1845 2310 natura
1858 2287 1928 2309 tan-2

246 2329 322 2364 dem
343 2331 427 2363 vires
440 2328 586 2377 colligit,
612 2338 649 2362 ut
661 2338 717 2373 per
736 2328 800 2360 vim
815 2326 990 2363 elueletur.
1038 2324 1158 2359 Claula
1176 2328 1342 2360 montium
1356 2324 1518 2372 repagulis
1539 2338 1699 2360 antaeum
1711 2328 1836 2372 impetu
1850 2336 1928 2372 pro-

245 2380 386 2425 rumpit.
437 2379 513 2422 Qua
524 2380 594 2411 data
612 2387 705 2423 porta
718 2374 895 2423 perfringit
907 2374 1005 2409 latera
1018 2398 1027 2413 ‚
1054 2378 1197 2422 &quam
1214 2386 1310 2409 antea
1322 2373 1409 2408 lente?
1420 2387 1486 2408 non
1497 2374 1635 2409 dabatur
1648 2378 1807 2420 expirare,
1817 2372 1931 2420 ejeffls

244 2431 282 2463 in
297 2427 485 2462 liberiorem
497 2430 602 2461 abiem
623 2424 841 2460 strictioribus
862 2425 1033 2459 cataractis
1042 2426 1193 2472 graviore
1202 2425 1321 2458 damno
1335 2425 1489 2469 erumpit.
1540 2423 1680 2459 Vincula
1690 2425 1868 2458 hominum
1881 2422 1931 2458 le-

248 2489 305 2525 ges
327 2476 426 2514 sunt,
451 2479 486 2511 δε
497 2476 611 2522 pesluli
621 2474 779 2509 libertatis
793 2472 814 2507 fi
829 2472 971 2507 nimium
983 2474 1159 2521 stringunt.
1178 2472 1304 2507 bonum
1320 2471 1702 2520 publicuminfringunt.
1723 2473 1827 2511 Avida
1839 2474 1927 2507 enim

247 2526 410 2561 libertatis
418 2525 566 2560 conditio
575 2524 683 2560 nostra
695 2525 886 2557 irritarurin
902 2525 1001 2557 vetita
1016 2532 1029 2567 3
1055 2525 1229 2557 irritantur
1240 2522 1343 2569 leges,
1364 2534 1434 2567 quae
1445 2521 1721 2570 multiplicantur.
1748 2522 1926 2568 Qandam

247 2574 375 2610 libendi
385 2576 591 2623 pruriginem
601 2584 714 2610 movet
726 2570 925 2619 prohibitim
943 2572 1100 2606 arcetiest
1112 2571 1264 2607 illecebra
1276 2572 1406 2618 agendi.
1434 2571 1542 2611 Nam:

686 2664 830 2696 Nitimur
846 2663 878 2695 in
893 2663 1026 2695 vetitum
1037 2685 1047 2699 ‚
1062 2662 1181 2710 simper
1189 2662 1351 2710 cupimusqg,
1362 2669 1483 2713 negata-⁸

248 2755 346 2802 Malae¹
361 2754 434 2808 spnt
447 2752 665 2803 Respublicae,
683 2749 902 2802 quaele-gibus
914 2751 1064 2798 quotidie
1077 2764 1233 2788 curantur
1252 2762 1262 2793 ζ
1290 2764 1358 2787 non
1371 2748 1480 2787 valent
1499 2750 1604 2791 bene,
1636 2761 1674 2786 ut
1695 2755 1830 2797 corpora
1849 2758 1924 2793 quae

245 2808 427 2854 pharmacis
440 2804 602 2840 continuo
611 2815 715 2851 egent.
767 2803 847 2836 Non
861 2801 994 2836 cumulo
1007 2801 1092 2849 leges
1102 2803 1212 2837 valent
1224 2826 1233 2838 ,
1255 2802 1306 2835 ieci
1316 2799 1387 2838 usu.
1438 2802 1547 2835 Paucae
1559 2800 1645 2849 leges
1655 2801 1806 2835 iuntvitae
1818 2797 1926 2831 cardi-

246 2864 327 2892 nes:
352 2855 454 2889 multa
482 2855 658 2892 claudunt.
685 2857 720 2888 δε
740 2850 901 2899 populum
920 2851 1238 2890 continent,fisunt
1251 2849 1444 2885 tolerabiles.
1498 2850 1800 2884 Affidueiolicitans
1823 2845 1924 2879 latera

246 2905 370 2942 calcat,
395 2905 594 2950 praecipitem
607 2905 674 2950 agit
685 2902 754 2937 soni
765 2901 902 2947 pedem}
929 2899 1141 2935 constrictum
1153 2902 1248 2948 supra
1262 2900 1360 2947 quam
1377 2899 1484 2946 parest
1497 2898 1662 2938 froenum,
1688 2898 1764 2931 facit
1781 2895 1923 2940 seguiter

245 2957 347 2990 stare:
374 2953 539 2988 moderata
553 2954 694 3000 placent.
745 2951 791 2985 Ut
804 2948 948 2995 finelege
962 2950 1063 2991 jacent
1083 2950 1274 2997 respublicae
1286 2973 1297 2988 ,
1321 2952 1365 2983 ita
1383 2948 1465 2982 ultra
1481 2950 1617 2982 modum
1632 2945 1816 2990 compullus
1830 2946 1866 2977 :d
1878 2944 1926 2977 le·

245 3018 323 3053 gem
334 3001 492 3046 populus,
517 3004 700 3037 contemnit
722 2999 852 3035 tandem
866 3022 876 3039 ,
901 3000 978 3045 quia
992 2998 1116 3033 servare
1137 3000 1294 3047 desperate
1347 2997 1516 3031 Platonem
1534 3000 1661 3043 accipet
1684 2993 1737 3029 ubi
1753 2995 1848 3027 multa
1878 2994 1923 3026 lc-

239 3067 315 3102 ges,
339 3053 382 3084 ibi
406 3049 442 3085 (ῥ’
467 3051 552 3089 lites,
591 3051 716 3098 morearq'y
742 3047 879 3097 improbi.
936 3046 1039 3088 Quod
1067 3050 1242 3084 Navarcho
1267 3047 1448 3093 cynosura,
1484 3049 1625 3094 Dioptra
1651 3046 1858 3081 Geometrae,
1885 3055 1922 3076 a·

245 3102 357 3140 muffis
381 3099 585 3146 architecto,
637 3100 787 3147 pondera
827 3095 1005 3145 horologio
1028 3119 1039 3147 2
1089 3098 1152 3133 hoc
1182 3097 1307 3136 civibus
1332 3095 1408 3132 sunt
1435 3096 1533 3143 leges.
1584 3097 1627 3131 At
1651 3094 1675 3129 fi
1701 3093 1750 3143 yel
1778 3091 1916 3166 Camselo

1828 3151 1918 3179 uara
