2060 3444
597 125 953 200 Plnlosophlco
965 164 983 170 -
998 128 1229 183 Pohtica.
1697 138 1725 197 3

47 214 256 263 'quia‘vinum
270 210 415 258 gelatum
428 205 523 245 etiam
538 221 639 256 prout
652 209 691 245 fic
702 224 770 245 non
781 213 905 246 amittit
921 211 1229 245 denominationem
1252 209 1342 252 vini,
1357 206 1437 242 'ficut
1455 209 1618 243 amittunt
1637 207 1726 243 illius

52 275 201 310 vapores.
252 259 351 307 Resp.
367 274 400 298 2.
412 262 490 294 dato
505 271 573 292 non
583 259 733 294 concesso
743 259 954 295 antecedente
965 272 1051 307 nego
1064 261 1349 305 consequentiam,
1365 258 1533 302 disparitas
1546 261 1634 291 enim
1644 270 1725 304 pra·-

53 325 101 348 ter
113 313 274 346 rationem
287 309 631 357 stipetiu‘saddutstam‚
658 323 697 343 ex
719 323 760 344 eo
776 321 912 357 quoque
931 309 999 342 dari
1016 307 1243 354 posl’et,·qu‘od
1258 315 1321 341 *nos
1334 307 1389 342 hic
1402 315 1472 340 non
1485 305 1666 353 loquamur
1684 309 1725 340 de

53 361 232 408 vaporibus
243 363 277 394 &
289 355 552 394 exhalationibus
566 380 575 395 2
596 359 846 402 quaeelevantur
860 359 877 392 a
887 357 1080 404 corporibus
1092 360 1204 391 mixtls
1218 376 1229 394 ‚
1248 355 1345 400 quale
1361 355 1405 389 e'st
1416 357 1532 389 vinum
1542 378 1553 394 ‚
1576 356 1629 389 sed
1654 368 1725 402 quae

51 407 454 457 elevan'turaco‘rpor'ibus
469 404 693 453 simplicibus,
718 411 752 443 ’δε
765 406 1019 442 elementanbus
1031 430 1041 445 ‚
1060 407 1164 455 qualis
1174 404 1220 440 est
1233 417 1314 452 aqua
1326 408 1358 438 δι
1371 414 1463 442 terra.
1518 447 1519 450 Ἴ

165 462 202 494 In
212 458 478 506 disceptationem
490 457 677 503 quaestionis
686 459 781 502 hujus
790 460 888 492 etiam
898 456 1015 490 adduci
1028 457 1120 494 solet,
1141 466 1225 490 num
1236 454 1466 501 praedictorum
1475 449 1638 486 halituum
1654 454 1724 487 duae

53 511 186 544 tantum
199 508 260 543 fint
271 515 462 542 communes
474 510 604 552 species,
621 520 662 541 an
673 507 781 553 plures
793 530 803 546 ,
822 508 1051 554 paucioresve3
1081 505 1173 539 Plato
1182 506 1270 537 enim
1284 501 1392 536 solum
1404 514 1558 548 vaporem
1580 503 1723 536 calidum

53 564 88 595 δε
104 559 275 593 humidum
287 568 325 590 ex
335 568 419 601 aqua
431 567 620 590 manantem
632 556 760 590 admisit
771 570 784 596 ;
810 556 991 590 terrestrem
1003 555 1082 588 vero
1093 553 1334 588 exhalationem
1346 552 1385 584 de
1401 553 1510 584 medio
1525 551 1724 590 sustulitme-

53 621 136 657 gans
149 618 265 642 terram
276 607 308 638 in
318 604 379 638 alia
393 604 553 638 elementa
566 605 652 648 polle
663 604 889 643 transmutati,
943 603 1171 637 Adducebatut
1183 602 1221 636 ad
1232 604 1294 635 hoc
1305 599 1458 645 exemplo
1471 601 1619 633 cinerum
1630 625 1638 640 ,
1665 603 1725 647 qui

55 671 115 693 nec
131 657 170 690 ab
181 657 351 702 ipsoigne,
367 659 457 697 cujus
466 654 510 687 est
519 658 780 689 tantavoracitas
793 679 800 692 ,
824 657 856 689 &
868 655 1050 687 ‘acrimonia
1061 654 1095 686 in
1107 652 1257 699 agendo,
1281 652 1429 683 consumi
1445 648 1564 685 valtnt.
1585 652 1726 697 Magnus

56 708 137 741 vero
150 705 300 740 Albertus
310 702 369 740 lib.v
379 722 381 726 .
391 714 443 739 ιο.
456 704 538 736 ttaCt
553 715 657 749 4.c.1.
673 716 816 751 quatuor
828 701 936 749 posuit
949 701 1208 748 exspirationum
1226 698 1365 746 species:
1390 700 1533 743 primam
1546 697 1680 732 calzdam
1692 702 1726 733 &

55 754 194 791 ficcame
209 763 293 786 terra
308 761 344 785 ur
357 751 539 797 plurimum
551 764 680 799 ortam,
702 766 772 800 quar
787 751 902 798 procul
915 753 948 784 in
960 752 1098 785 sublime
1109 752 1253 796 rapitur,
1280 749 1356 782 &in
1372 749 1492 794 ignitas
1504 748 1727 792 impreffiones

54 807 238 851 degenerat.
287 802 467 835 Secundam
480 800 616 834 calidam
631 806 664 836 ἃ
686 802 875 840 humidam,
895 812 964 847 quae
978 799 1093 846 partim
1105 798 1258 845 assurgit,
1278 796 1442 843 facileque
1453 807 1484 828 m
1498 797 1604 828 aerem
1624 800 1722 831 verti·

55 867 120 890 rur.
170 852 317 885 Tertiam
332 848 484 896 frigidam
499 855 531 884 ἃ
545 849 655 884 siccam
667 875 676 888 ‚
695 863 733 884 ex
743 864 806 897 qua
818 851 991 883 addensata
1004 849 1143 883 existant
1158 849 1260 882 venti.
1294 848 1456 888 Quartam
1470 845 1614 891 denique
1634 848 1729 892 frigi-

55 905 174 938 dam&
187 900 355 933 humidam
372 922 381 935 ‚
408 912 480 945 quae
494 901 648 933 Mete—oris
658 898 784 947 frigidis
798 904 830 934 &
843 898 987 932 humidis
999 896 1169 933 deserviat.
1222 895 1282 929 Sed
1293 905 1407 928 contra
1418 895 1478 927 hos
1491 891 1528 926 sit

154 947 470 993 Conclusioquarra.
523 950 603 981 Duae
614 948 741 982 tantum
755 948 829 982 sunt
840 966 852 986 ·,
870 947 1067 993 nec'plures,
1088 947 1326 992 necpauciores
1336 954 1527 976 communes
1545 940 1662 988 species
1673 956 1729 977 cx-

58 1000 273 1046 spirationum
286 1022 296 1037 ,
318 1009 374 1042 pet
385 1008 466 1043 quas
483 999 670 1030 Meteoricis
680 997 775 1031 rebus
790 999 959 1031 materiam
974 996 1121 1042 praebenr
1135 1019 1144 1034 ‚
1160 997 1317 1029 nimirum
1329 1004 1430 1037 vapor
1441 995 1474 1026 ὃ(
1486 990 1734 1029 exhalatio‚Ra-

57 1053 105 1084 tio
117 1048 162 1082 est
174 1049 291 1093 primi,
314 1048 391 1092 quia
403 1044 491 1079 nulla
505 1048 680 1080 Meteorica
692 1045 866 1092 exspiratio
878 1046 998 1090 frigida
1012 1043 1074 1079 esse
1093 1044 1197 1090 potest
1211 1069 1220 1084 ,
1244 1040 1403 1088 siquidem
1417 1053 1533 1074 omnes
1545 1053 1730 1076 excitantur

54 1101 87 1133 vi
100 1097 216 1140 caloris
229 1121 241 1141 ,
265 1107 323 1129 nec
331 1106 554 1128 excernuntur
567 1094 625 1129 nifi
640 1099 819 1129 rarescente
828 1106 965 1140 corpore
976 1117 986 1131 ,
1004 1095 1143 1140 eamque
1151 1091 1407 1141 rarefastionem
1420 1089 1526 1123 calore
1538 1090 1730 1125 machinan-

55 1159 99 1185 te,
144 1144 306 1189 ..Secundo
317 1168 326 1181 ,
343 1147 418 1190 quia
432 1142 507 1177 etim
521 1156 620 1177 omne
635 1143 792 1191 frigidum
807 1143 916 1189 suapte
931 1142 1048 1177 natura
1063 1141 1100 1176 fit
1111 1155 1231 1190 grave,
1254 1139 1275 1174 fi
1288 1151 1388 1184 vapor
1410 1137 1620 1173 &exhalatio
1636 1142 1729 1186 trigi-

54 1197 93 1228 da
106 1190 208 1235 effent
221 1220 232 1236 ‚
251 1206 319 1227 non
338 1192 557 1230 ascenderent,
610 1195 710 1228 Ratio
723 1195 854 1227 secundi
868 1193 911 1227 est
924 1213 936 1232 >,
958 1195 1035 1239 quia
1046 1192 1122 1226 cum
1137 1194 1246 1240 ignitae
1258 1187 1482 1234 impteffiones
1495 1211 1504 1226 ,
1527 1200 1563 1222 ut
1574 1189 1734 1228 Cometa,

55 1243 328 1280 stellaevolantes‚
346 1241 481 1287 aliaeque
491 1240 647 1283 ejusmodi
660 1255 728 1276 non
739 1242 818 1276 fiant
832 1256 871 1277 ex
890 1253 1012 1289 vapore
1029 1253 1137 1288 aqueo
1150 1265 1160 1280 ,
1180 1242 1237 1288 qui
1249 1236 1493 1284 difficileigniri
1511 1239 1614 1283 potest
1627 1251 1640 1277 ‚·
1667 1250 1731 1271 uti-

54 1306 119 1339 que
131 1291 193 1327 alia
212 1303 326 1337 praetet
337 1292 419 1324 hanc
432 1313 442 1328 ‚
457 1289 666 1338 debetquaeri
677 1293 795 1326 idonea
810 1295 943 1326 materia
956 1314 966 1330 ,
987 1291 1139 1325 videlicet
1148 1289 1314 1324 exhalatio
1325 1297 1426 1320 terrea
1441 1290 1475 1320 δ(
1490 1285 1586 1326 ficca,
1611 1299 1683 1332 quae
1692 1288 1732 1320 ad

53 1343 222 1376 flammam
237 1340 487 1386 concipiendam
498 1339 655 1385 aptiffima
667 1341 724 1377 est.
777 1341 900 1388 Neque
911 1340 1019 1375 obstat
1033 1340 1116 1374 illud
1128 1340 1166 1372 de
1180 1336 1345 1372 cineribus
1358 1346 1370 1380 3
1389 1335 1464 1368 ideo
1473 1339 1559 1369 enim
1571 1335 1622 1369 vel
1635 1337 1732 1383 aegre,

52 1391 106 1427 vel
118 1392 311 1436 neutiquam
325 1389 366 1422 ab
377 1391 456 1435 igne
465 1391 631 1436 corrumpi
642 1390 792 1437 possunt,
807 1393 887 1425 &in
900 1400 971 1425 eam
985 1391 1134 1424 converti
1144 1412 1154 1427 ,
1175 1389 1255 1436 quia
1265 1383 1350 1419 nihil
1366 1386 1489 1430 pingue
1499 1383 1733 1431 habent‚quod

53 1444 89 1475 in
100 1442 187 1487 ignis
196 1439 351 1485 pabulum
361 1438 464 1475 cedat,
1193 1447 1197 1449 Δ
1337 1444 1341 1448 ·

149 1491 195 1522 Ex
208 1500 277 1534 quo
289 1490 406 1533 pariter
420 1498 533 1521 contra
543 1486 714 1522 Platonem
729 1492 764 1522 δε
775 1487 957 1522 nonnullos
972 1483 1055 1521 alios
1063 1485 1201 1523 deduco.
1223 1486 1288 1519 dici
1300 1485 1438 1520 minime
1449 1479 1548 1529 posse,
1561 1478 1666 1515 solum
1677 1483 1737 1517 bu-

51 1549 180 1573 morem
194 1539 209 1571 ὲ
224 1549 308 1571 tetra
326 1536 476 1575 extrahi,
503 1536 627 1571 nullam
639 1548 748 1571 autem
761 1549 851 1571 terrae
863 1535 1054 1584 particulam
1069 1538 1104 1570 in
1115 1533 1360 1570 exhalationem
1376 1534 1465 1568 abite
1477 1531 1520 1564 ob
1532 1532 1668 1564 nimiam
1680 1531 1737 1565 sic-

51 1591 183 1622 citatem
197 1594 209 1635 3
233 1599 307 1620 narn
325 1597 462 1631 corpora
480 1588 578 1620 etiam
590 1585 681 1621 valde
690 1585 780 1623 sicca,
797 1587 958 1630 ejusmodi
973 1587 1046 1620 sunt
1056 1595 1216 1622 aromata,
1226 1584 1314 1628 thus,
1326 1584 1476 1631 sulphur,
1489 1582 1596 1627 pulvis
1607 1592 1737 1625 pyreus,

52 1639 144 1683 piper
157 1634 227 1670 suas
239 1634 360 1668 habent
370 1634 606 1681 exspirationes
618 1659 629 1674 ,
647 1647 727 1683 ergo
738 1637 837 1669 etiam
848 1635 968 1670 siccitas
979 1646 1069 1669 terrae
1084 1646 1155 1668 non
1168 1631 1339 1680 impediet,
1377 1646 1418 1667 ne
1431 1631 1486 1666 illa
1504 1630 1604 1663 etiam
1618 1629 1737 1665 habeat

52 1686 135 1723 suas.
187 1685 319 1719 Deinde
332 1695 400 1718 non
413 1697 454 1718 ex
465 1684 534 1718 solo
549 1697 670 1731 vapore
683 1686 786 1719 ducto
796 1696 836 1719 ex
848 1697 930 1733 aqva
951 1681 1085 1732 posi'unr
1095 1685 1209 1732 ignita:
1221 1681 1445 1729 impreffiones
1457 1679 1601 1716 accendi,
1624 1690 1661 1713 ut
1681 1692 1738 1726 pa·

50 1746 99 1769 tet
108 1759 118 1775 ‚
132 1747 224 1782 *aqua
237 1736 326 1773 enim
338 1733 402 1768 sola
415 1736 525 1780 ignem
535 1745 604 1768 non
615 1737 734 1773 nutrit,
760 1746 839 1783 ergo
848 1734 970 1769 necesse
981 1734 1026 1767 est
1040 1757 1048 1771 ‚
1071 1744 1106 1767 ut
1118 1734 1231 1780 vapori
1242 1732 1371 1780 aliquid
1383 1743 1472 1766 terrae
1482 1728 1675 1771 adjunctum
1689 1728 1738 1768 fir.

51 1784 144 1818 Idem
157 1782 299 1831 probant
312 1787 373 1818 ven
380 1785 404 1816 ri
418 1787 517 1817 etiam
529 1783 700 1822 ficciffinm
711 1786 821 1831 quiex
836 1783 906 1819 solo
916 1795 1034 1830 vapore
1043 1782 1192 1817 constare
1203 1792 1386 1828 nequeunt,
1423 1780 1576 1823 Denique
1585 1790 1676 1824 aquae
1687 1780 1740 1811 ni-

54 1833 157 1874 vales,
180 1837 215 1868 &
232 1845 324 1880 aquae
344 1831 461 1879 pluviae
481 1831 625 1867 multum
641 1832 934 1868 habentterrestris
947 1832 1087 1870 halitus,
1111 1842 1149 1865 ut
1165 1842 1303 1878 patetex
1324 1830 1426 1867 limo,
1451 1829 1557 1874 quiex
1568 1828 1643 1873 ipsis
1659 1838 1741 1860 con·

55 1884 203 1929 spicitur.
254 1882 348 1915 Unde
358 1893 398 1915 ex
412 1881 555 1916 terrestri
567 1895 666 1917 etiam
680 1885 815 1917 materia
826 1884 977 1917 constant
994 1882 1058 1915 ista:
1072 1882 1256 1913 Meteoticae
1266 1877 1506 1924 impresliones.
1559 1877 1674 1909 Fateor
1684 1887 1735 1910 ta-

57 1944 133 1967 men
146 1930 260 1965 lubens
271 1954 281 1969 ,
306 1929 433 1964 facilius
443 1931 616 1965 humorem
624 1932 663 1964 ab
675 1931 821 1979 igne‚vel
834 1932 911 1965 Sole
922 1932 1008 1965 vinci
1023 1952 1032 1968 ,
1056 1940 1158 1975 quam
1172 1939 1290 1974 corpus
1303 1927 1434 1966 siccum,
1446 1928 1480 1960 in
1492 1936 1560 1972 quo
1572 1924 1682 1958 nullus
1697 1926 1743 1959 est

57 1983 178 2015 humor
193 2003 204 2019 ,
234 1983 436 2026 quiacorpus
449 1983 622 2013 humidum
640 1978 768 2014 facilius
782 1979 912 2014 rarescit
927 2003 937 2018 ,
965 1976 987 2013 fi
1000 1990 1107 2012 tamen
1121 1976 1237 2011 siccum
1251 1988 1389 2023 corpus,
1412 1973 1637 2022 eiusmodiest
1654 1984 1740 2008 terra

57 2033 197 2065 humore
209 2028 309 2062 suerit
322 2027 506 2066 suba-stum,
533 2029 706 2063 exhalatur
721 2041 794 2062 cum
808 2029 948 2063 humore
966 2052 976 2067 ,
997 2039 1096 2074 quem
1108 2026 1282 2059 extrahens
1292 2025 1357 2061 sol.
1387 2024 1512 2071 aliquas
1524 2027 1626 2058 etiam
1639 2035 1744 2068 partes

53 2079 196 2113 extrahit
211 2090 269 2113 cor
277 2081 362 2123 poris
374 2076 458 2112 ficei.
508 2079 807 2119 Quaretenendum
818 2078 960 2112 omnini>
980 2078 1024 2110 est
1042 2086 1160 2109 terram
1172 2071 1423 2120 aliquantulum
1435 2072 1616 2109 decrescere
1624 2073 1680 2107 diu
1694 2072 1744 2107 so-

54 2129 78 2163 li
90 2126 269 2176 expositam
284 2124 379 2161 facile
392 2137 502 2161 tamen
513 2127 580 2162 haec
593 2125 717 2173 jactura
727 2128 837 2162 rursus
848 2138 1016 2175 reparatur
1028 2137 1067 2159 ex
1080 2122 1310 2158 decidentibus
1320 2123 1430 2169 postea
1444 2122 1578 2169 pluviis.

235 2229 908 2299 CONCLUSIO
982 2226 1552 2300 POLITICA.

336 2334 618 2399 Politicus
644 2333 876 2400 scientia
897 2339 959 2400 &
977 2337 1193 2399 virtute
1209 2334 1457 2425 praestet.

177 2464 289 2501 Uabus
303 2477 334 2501 te
349 2465 408 2501 alis
417 2465 528 2500 volare
540 2465 620 2500 volo
634 2491 643 2505 ‚
655 2468 813 2505 Politice:
842 2466 942 2501 altera
953 2477 989 2500 ut
999 2468 1109 2500 vivete
1130 2463 1249 2514 discas‘g
1274 2463 1375 2500 altera
1385 2476 1420 2500 ut
1430 2461 1566 2511 praeeil'e.
1621 2462 1752 2495 vicari-

59 2469 214 2570 Dus
225 2516 294 2550 DEI
303 2529 354 2553 es.
382 2520 416 2551 δε
428 2514 520 2563 quasi
535 2517 749 2551 Provincialis
761 2518 895 2553 Deus:
923 2516 1008 2549 idem
1024 2518 1060 2550 in
1072 2526 1104 2549 te
1116 2517 1250 2562 tuisque
1262 2516 1412 2562 praestare
1432 2513 1550 2552 debes,
1568 2512 1660 2559 quod
1676 2511 1752 2543 DE-

178 2565 230 2598 ΗΞ
248 2567 280 2598 in
289 2564 464 2602 universot
492 2567 636 2604 virtute,
666 2579 702 2601 ac
717 2563 1069 2614 Sapientiagubernat.
1121 2566 1238 2609 Virum
1248 2575 1281 2599 te
1292 2567 1416 2602 virtus,
1437 2564 1607 2598 hominem
1620 2561 1752 2603 Sapien-

60 2615 105 2647 tia
118 2625 258 2660 utraque
269 2616 361 2649 DE'O
382 2613 516 2648 similem
530 2612 629 2652 facita
671 2614 877 2650 'Fabulosam
902 2613 989 2648 suam
1002 2613 1168 2648 Palladem
1179 2616 1302 2648 virtute
1312 2615 1456 2648 armavit
1466 2625 1501 2646 ac
1517 2610 1679 2657 Sapientia
1690 2609 1755 2652 Ju-

62 2665 158 2708 piter,
185 2673 222 2696 ut
233 2663 262 2696 se
271 2664 342 2708 ipso
354 2664 486 2711 dignam
512 2661 645 2701 faceret.
702 2666 887 2709 Qornodo
899 2676 967 2697 non
986 2665 1079 2710 prole
1089 2664 1203 2697 divina
1213 2674 1327 2697 natum
1338 2674 1371 2697 te
1381 2662 1573 2697 crediderim
1586 2670 1597 2703 3
1623 2658 1712 2691 Cum
1723 2669 1754 2690 te

60 2714 164 2746 virtus
174 2711 299 2758 aliquid
307 2725 347 2746 ex
358 2724 478 2753 mente,
492 2713 655 2757 Sapientia
665 2712 792 2761 aliquid
805 2727 844 2748 ex
853 2711 992 2748 cerebro
1010 2714 1169 2747 Numinis
1181 2712 1300 2747 habere
1320 2711 1489 2760 loquatur.
1528 2710 1574 2741 Ut
1587 2704 1756 2740 virtuosis-

61 2759 133 2795 fimi
148 2761 240 2795 fuere
262 2761 400 2796 Carolus
417 2775 456 2796 ex
471 2765 607 2796 nomine
623 2764 797 2809 &sceptro
813 2766 967 2808 Magnus,
995 2762 1222 2797 Ferdinandus
1237 2762 1405 2795 Secundus
1419 2758 1666 2794 Austriacorum
1683 2757 1756 2790 De·

58 2823 130 2850 cus,
139 2811 363 2845 Ferdinandus
377 2812 506 2845 Tertius
516 2812 778 2858 Hispannorum,
797 2812 982 2846 Ludovicus
994 2810 1188 2851 Galliarum,
1200 2808 1600 2858 AlpbonsusAragonum‚
1612 2806 1756 2847 loannes

63 2860 230 2894 Secundus
242 2859 471 2907 portugalliae,
491 2862 618 2906 Reges:
640 2863 685 2895 ita
696 2865 730 2896 &
744 2860 916 2907 sapientiffi
924 2862 967 2894 mi
978 2859 1144 2897 audivere,
1178 2859 1259 2894 Citm
1274 2862 1375 2908 gentis
1383 2858 1509 2899 alzcujm
1522 2854 1597 2889 bona
1606 2856 1672 2888 vult
1682 2856 1758 2886 ‘De-

60 2922 99 2942 m
110 2932 120 2948 2
140 2912 221 2956 ponit
231 2912 264 2942 in
271 2913 334 2953 ejus
345 2912 380 2953 R
383 2907 474 2956 gibus
476 2909 652 2953 seientiam,
668 2921 722 2945 aut
733 2914 873 2958 'Regnum
884 2914 916 2942 dn
925 2912 989 2952 ejus
1001 2908 1191 2955 sapientibus
1205 2911 1347 2944 Divinus
1361 2906 1455 2941 Plato
1467 2904 1594 2939 dicebat
1610 2914 1621 2946 3
1645 2916 1686 2936 en
1698 2904 1757 2938 ha,

61 2961 118 2996 bes
128 2961 299 3004 Sapientia:
311 2957 513 3005 suffragium.
566 2961 675 3005 Neque
688 2964 838 3007 ‘Princeps
856 2957 945 2993 habet
954 2970 1023 3006 opus
1035 2958 1156 2998 Phidia,
1176 2961 1231 3004 qui
1239 2959 1334 3004 ‘fingat
1347 2965 1359 2999 ς
1376 2965 1430 2989 aut
1442 2954 1634 2988 Policletovel
1643 2955 1756 2997 Myro-

64 3021 121 3049 ne:
148 3008 205 3043 Std
215 3011 344 3042 virtutis
353 3019 439 3051 opera
452 3017 480 3040 te
491 3008 585 3053 ipfiam
596 3011 695 3043 ‘DEO
709 3023 803 3056 quam
806 3010 987 3054 similimum
997 3009 1078 3048 facit
1088 3007 1361 3053 jucundtffimumffi'
1369 3005 1506 3051 speciata
1517 3015 1588 3050 opus
1606 3026 1616 3041 ,
1634 3002 1671 3037 ὅθ’
1685 3004 1756 3036 Diis

59 3060 277 3103 chariffimum,
304 3055 519 3092 Existimabat
535 3058 761 3094 Chotonenfis
780 3057 1011 3105 ‘Philosophus
1028 3068 1037 3095 ζ
1058 3070 1099 3091 en
1114 3069 1173 3103 pro
1193 3059 1316 3090 virtute
1326 3053 1512 3090 calculum:
1541 3052 1599 3087 llla
1614 3050 1757 3085 fortunae
1802 3068 1929 3105 Lib.ad

61 3109 227 3159 peculium
236 3107 299 3146 est,
313 3108 383 3141 haec
394 3109 513 3153 pignus
524 3105 703 3148 felicitatis,
750 3110 841 3144 Cum
851 3110 973 3144 virtute
983 3105 1106 3153 absque
1116 3106 1281 3153 Sapientia
1290 3103 1376 3139 bene
1384 3105 1475 3140 vives
1487 3113 1519 3138 at
1532 3114 1599 3138 non
1609 3100 1759 3148 provide:
1776 3121 1949 3163 Principem

986 3159 1015 3191 Α
1041 3167 1063 3191 2
1668 3149 1758 3184 cum
1775 3167 1940 3204 indubium.
