2003 3434
234 115 290 162 28
293 128 334 180 4
906 101 1221 171 Meteorologia

236 205 321 241 nihil
332 205 539 255 malignitatis
555 205 687 252 corpori
697 199 839 242 affricam
858 199 904 238 ob
916 201 1007 249 quod
1017 199 1341 250 praestantiffimarum
1365 197 1604 234 medicinarum
1616 199 1915 249 compofitioniad-

238 256 381 295 hibetur,

336 309 469 348 Quaeres
483 303 602 349 primo,
652 301 838 344 Quomodo
849 312 967 336 aurum
985 301 1026 337 ab
1035 299 1197 336 extraneis
1209 296 1406 346 corpusculis
1426 294 1608 333 defoeeetui
1624 298 1642 339 ⁸?
1691 300 1792 349 Resp.
1817 300 1852 335 Si
1873 299 1917 339 li,

237 365 354 402 quetur
365 366 438 388 cum
454 353 592 392 plumbo
603 375 614 392 ,
635 353 686 387 vel
698 352 794 386 stibio
811 374 821 390 ‚
832 351 884 384 seu
894 352 1081 386 antimonio
1092 373 1102 390 ,
1112 352 1186 397 quia
1194 349 1313 383 humor
1331 347 1502 395 plumbeus
1514 349 1592 383 dum
1606 347 1769 385 exhalatur
1780 372 1792 389 ,
1808 350 1918 386 avehit

237 405 345 439 sordes
355 415 393 438 ex
405 414 485 437 auro
499 425 509 441 ‚
522 413 557 437 ut
568 415 608 437 ex
620 413 693 436 cera
701 401 753 436 vel
764 400 826 436 tela
835 400 1017 435 humectata
1026 401 1065 435 ad
1075 400 1175 434 solem
1187 408 1396 445 evaporatur,
1408 398 1569 444 quidquid
1580 399 1682 433 inerat
1693 396 1846 436 sor-lium.

333 457 467 496 Qaeres
479 451 632 490 secundo,
681 450 865 494 Quomodo
880 461 996 484 aurum
1019 450 1060 485 ab
1074 449 1237 496 argenteis
1260 446 1392 483 laminis
1411 446 1658 494 separaripoffit.
1708 447 1807 493 Reip,
1824 461 1919 484 enm,

236 506 336 538 Porta
348 504 368 536 l.
380 515 412 541 5.
422 513 451 535 c.
464 512 495 546 5.
525 501 557 534 Si
572 501 622 534 Sal
632 503 816 534 amoniacus
827 522 837 537 ,
849 498 1018 545 Sulphutis
1026 500 1161 534 dimidia
1171 509 1241 543 pars
1253 497 1391 532 tenuiter
1408 507 1618 531 conterantur
1627 519 1638 536 ,
1648 498 1835 533 &inaurata
1847 511 1920 546 pars

237 550 373 586 lamellae
383 549 460 584 oleo
480 549 677 595 priusillita,
697 549 760 583 hoc
772 548 903 594 pulvere
919 548 1038 594 aspersa
1049 571 1059 588 ,
1086 546 1278 593 forcipeque
1288 546 1446 592 prehensa
1465 548 1535 594 igni
1548 556 1730 593 exponatur
1743 567 1754 584 ‚
1772 546 1920 583 futurum

238 600 440 646 spondeum
452 597 523 633 vase
533 598 690 634 calefaisto
700 622 711 638 ,
722 598 839 633 leviter
850 597 1000 632 concusso
1015 621 1026 638 ‚
1036 608 1152 633 aurum
1163 599 1197 630 in
1209 596 1380 644 pulverem
1390 596 1529 631 solutum
1540 596 1575 629 in
1587 595 1733 640 subjectae
1744 597 1920 644 paropsidis

237 661 357 696 aquam
369 650 504 690 decidat,
1759 694 1762 696 v

338 700 474 746 Qaeres
483 697 590 737 tertio,
641 697 723 738 Quis
733 695 848 730 modus
858 698 892 730 in
901 697 1038 730 Peruvia
1047 697 1086 731 ad
1097 695 1300 742 purgandum
1321 697 1354 729 &
1365 695 1611 741 praeparandum
1634 706 1750 731 aurum
1767 693 1923 729 adhibea-

236 747 314 786 tur?
365 749 563 794 Respondeo
577 770 587 786 ‚
608 746 695 780 hune
715 757 754 779 ex
766 748 966 780 eruditorum
976 749 1121 781 virorum
1133 745 1234 779 relatu
1252 746 1269 778 ὲ
1284 744 1374 779 Patre
1395 745 1574 778 Ptolomaeo
1593 743 1662 782 diss.
1677 756 1706 790 5.
1725 746 1765 779 de
1777 745 1923 780 Metallis

238 797 386 842 (equenti
400 799 616 844 descriptione
629 796 774 841 exponi:
804 794 931 841 glebam
943 797 1077 829 Minera:
1089 794 1309 828 minutissimis
1317 794 1462 841 granulis
1472 797 1578 828 aureis
1591 792 1770 828 confertam
1780 806 1924 829 contun-

238 847 320 880 dunt
331 848 363 878 &
376 857 519 880 atterunt
531 845 639 891 primo
651 846 685 877 in
698 847 860 889 mortariis
873 868 882 883 ‚
892 844 1137 891 infunduntque.
1146 855 1263 890 aquam
1273 866 1283 884 ,
1301 855 1336 878 ur
1355 843 1526 877 moli'iiima
1540 844 1635 878 maiia
1647 845 1701 878 siat
1711 855 1828 890 ,quam
1840 856 1923 878 mox

236 894 504 931 condiuntaffulo
516 895 574 929 sale
587 897 619 928 δε
632 896 817 937 Μεῐειπὶος
846 895 923 927 inde
933 894 1089 929 exsiccant·
1099 917 1110 933 ,
1120 896 1304 940 iterumque
1314 893 1525 927 minutissime*
1536 902 1664 938 terunt3
1693 893 1769 928 hinc
1780 895 1924 928 lotiones

235 943 349 990 plures
368 946 450 991 aqui
465 946 542 992 puri
561 943 719 978 adhibent
730 965 740 981 ,
759 942 878 989 quibus
889 942 956 977 abit
969 966 978 982 ,
997 944 1156 989 quidquid
1167 942 1333 976 metallum
1349 953 1419 976 non
1430 942 1494 980 est,
1510 944 1543 976 &
1558 943 1697 988 luperest
1707 954 1821 978 auruni
1833 967 1843 983 ‚
1869 942 1922 978 vel

234 1005 406 1040 argentum
416 994 685 1041 amalgamatutu,
704 992 758 1026 [eu
774 992 962 1026 imbibitum
987 994 1177 1036 Mercuri03
1202 993 1340 1026 admoto
1362 993 1441 1025 vero
1457 993 1534 1038 igne
1560 994 1715 1027 mediocri
1729 1004 1923 1038 evaporatur

236 1044 437 1082 Mercurius,
456 1043 625 1077 metallum
637 1041 714 1076 vero
735 1041 930 1087 relinquitur
941 1041 1027 1088 quasi
1041 1044 1121 1076 cinis
1134 1065 1144 1080 ‚
1161 1043 1250 1084 quod
1266 1042 1301 1074 in
1322 1040 1498 1075 crucibuli‘s
1519 1040 1735 1087 liquefactum
1757 1055 1836 1076 mox
1851 1054 1923 1077 tan-

234 1093 356 1126 demin
367 1094 470 1140 virgas
482 1093 615 1127 ducunt.
670 1092 833 1124 Dicuntur
843 1102 952 1125 autem
965 1091 1020 1125 ista
1037 1091 1140 1136 phrasi
1154 1091 1314 1136 Chymica
1335 1092 1378 1124 ita
1390 1090 1459 1125 fieri
1477 1090 1515 1124 ad
1527 1089 1732 1127 liberandum
1751 1091 1922 1127 metallum

234 1141 251 1174 Ξι
265 1144 445 1181 matresu23
471 1153 551 1187 aqua
563 1145 650 1174 enim
670 1144 702 1173 ἃς
714 1138 960 1173 saladhibentur
985 1141 1023 1174 ad
1042 1140 1257 1178 lixiviandutn
1274 1139 1448 1176 metallicas
1465 1139 1841 1185 particulas,Mercurius
1852 1139 1923 1176 usui

235 1190 280 1225 est
297 1214 307 1230 ,
323 1202 357 1225 ut
371 1190 462 1224 simul
476 1201 683 1237 coagmentet
700 1190 842 1224 minutas
851 1189 1028 1224 moleculas
1039 1212 1050 1229 ,
1062 1193 1094 1224 &
1104 1190 1239 1237 granula
1248 1212 1260 1228 ‚
1288 1200 1331 1224 ne
1341 1187 1427 1224 forte
1438 1188 1623 1225 lotionibus
1634 1191 1778 1238 repetitis
1788 1190 1924 1225 elaban-

238 1250 303 1275 tur.
354 1243 399 1272 lta
416 1241 484 1272 ille.

336 1291 468 1331 Quaeres
488 1289 613 1334 quarto.
665 1290 757 1324 Num
779 1299 892 1322 aurum
913 1289 1003 1323 reddi
1019 1287 1111 1336 poffit
1132 1286 1299 1334 potabile?
1351 1286 1449 1333 Resp.
1477 1287 1723 1334 Experientiam
1739 1288 1802 1324 hoc
1811 1286 1922 1325 osten⁴³

236 1339 322 1372 dere.
375 1339 461 1371 Nam
475 1338 676 1373 Clarislimus
692 1341 749 1373 Vir
759 1339 939 1372 Franciscus
951 1339 1116 1372 Antonius
1137 1336 1350 1372 Londinenfis
1363 1338 1509 1371 Medicus
1532 1339 1567 1370 in
1581 1335 1721 1372 formam
1734 1339 1843 1372 mellis
1869 1351 1923 1374 re.

233 1389 341 1432 degit,
362 1398 396 1421 ut
411 1387 599 1431 probaretur
610 1411 619 1426 ‚
635 1399 736 1422 certas
753 1389 792 1421 ad
804 1388 979 1433 praecipuos
989 1389 1172 1421 Germaniae
1183 1388 1326 1422 Medicos
1347 1388 1437 1420 dotes
1451 1384 1546 1419 mifir.
1576 1388 1671 1425 Joan.
1682 1391 1822 1422 Vincent.
1841 1392 1923 1423 Fin-

232 1438 320 1470 chxus
331 1441 364 1470 in
382 1436 564 1470 enchiridio
574 1440 762 1484 Dogmatico
775 1439 972 1478 Hermelico,
1019 1438 1127 1479 Major
1137 1434 1357 1470 controverfia
1368 1436 1412 1470 est
1424 1438 1508 1469 inter
1520 1434 1695 1471 Chimicos
1711 1438 1920 1478 recentiores,

233 1489 266 1520 &
280 1486 394 1520 Galeni
408 1488 575 1521 sectatores
586 1509 595 1525 ,
609 1499 715 1522 utrum
726 1498 840 1520 aurum
856 1489 897 1519 ita
909 1483 1182 1531 poliitpraeparari
1195 1488 1228 1520 &
1238 1486 1328 1519 reddi
1344 1483 1506 1531 potabile,
1520 1486 1720 1524 utinnoxie'‚
1732 1487 1922 1535 utiliterque

234 1537 318 1570 intra
330 1547 447 1580 corpus
459 1536 599 1570 sumatur
621 1537 637 1575 ’,Ι
690 1535 1024 1580 Affirmanthymici
1036 1557 1046 1575 ,
1069 1545 1166 1581 atque
1184 1534 1223 1569 ab
1235 1533 1393 1579 ejusmodi
1407 1546 1487 1568 auro
1497 1536 1604 1569 cordis
1626 1536 1920 1582 &principalium

235 1584 461 1619 membrorum
475 1587 554 1619 vires
565 1587 693 1631 prorsus
707 1584 898 1620 miraculose
910 1583 1096 1623 instaurari,
1116 1582 1321 1622 conservari,
1343 1586 1476 1630 augeri,
1496 1583 1640 1629 adeoque
1653 1587 1750 1620 :etatis
1769 1588 1851 1620 vitio
1863 1588 1922 1621 de-

234 1635 398 1680 perditum
411 1635 512 1668 robur
530 1637 693 1680 reparari,
716 1638 918 1675 juventutem
929 1635 1094 1672 revocari,
1113 1635 1209 1668 vitam
1221 1633 1366 1678 denique
1377 1634 1416 1667 ad
1425 1632 1560 1679 aliquod
1581 1633 1688 1668 facula
1698 1636 1921 1682 produciticri'-

231 1684 353 1730 ptitant
415 1684 515 1717 Ratio
527 1683 686 1729 potiffima
695 1683 871 1717 desumitur
887 1694 955 1716 tuin
972 1682 1011 1715 ab
1021 1685 1150 1728 optimo
1168 1683 1293 1717 metalli
1313 1682 1407 1723 huius
1420 1693 1678 1727 temperamento
1691 1706 1700 1720 ‚
1720 1694 1787 1718 tum
1801 1683 1841 1718 ab
1853 1687 1920 1732 ipsa

234 1734 436 1777 experientia
449 1755 459 1770 ‚
477 1744 576 1779 quam
590 1735 714 1777 experti
728 1732 797 1766 sunt
807 1733 880 1776 aegri
894 1730 1037 1775 reparata
1051 1730 1249 1770 valetudine,
1300 1731 1460 1765 Refutant
1470 1730 1545 1764 vero
1558 1731 1619 1765 hos
1631 1731 1749 1767 Galerii·
1762 1733 1923 1776 fautores,

236 1781 357 1826 quibus
369 1780 533 1815 subscribit
550 1781 628 1815 Scal.
641 1783 769 1815 exercit.
789 1793 865 1823 272·
918 1782 1017 1814 Ratio
1033 1780 1150 1813 horum
1163 1780 1205 1813 est
1217 1780 1324 1826 primo
1335 1801 1344 1817 ‚
1366 1781 1442 1824 quia
1462 1781 1551 1815 ‚inter
1561 1780 1716 1815 alimenta
1732 1784 1767 1816 8„-
1781 1795 1919 1830 corpora

234 1832 407 1864 nutrienda
419 1828 596 1864 similitudo
615 1830 761 1876 quaedam
773 1829 816 1862 est
826 1829 993 1863 neceslaria
1005 1851 1015 1866 ‚
1036 1831 1122 1862 inter
1131 1840 1245 1862 aurum
1260 1829 1337 1862 vero
1354 1830 1387 1862 &
1405 1840 1521 1876 eorpus
1532 1830 1677 1866 nostrum
1689 1830 1755 1866 haec
1766 1844 1835 1866 uoti
1845 1837 1898 1868 exi
1907 1851 1917 1863 .

232 1880 302 1924 stit3
330 1891 466 1924 corpora
476 1881 564 1913 enim
581 1881 687 1914 nostra
710 1891 750 1914 ex
767 1877 936 1912 elementis
947 1879 1085 1911 maxime
1097 1877 1445 1912 mistissuntconcreta.
1497 1877 1665 1914 Elementa
1683 1882 1771 1914 enim
1791 1893 1849 1927 per
1862 1895 1918 1918 van

231 1931 295 1963 rias
309 1941 345 1964 ac
365 1928 496 1975 proprie2
509 1929 655 1963 infinitas
665 1929 832 1964 mistiones
846 1927 975 1962 infinite
984 1927 1109 1960 alterari
1121 1949 1132 1965 ,
1143 1926 1245 1974 subigi
1257 1937 1292 1961 ac
1300 1928 1416 1961 mutari
1427 1950 1436 1965 ‚
1448 1925 1633 1974 priusquam
1645 1930 1834 1965 animalium
1844 1943 1919 1978 apta
1957 1955 1959 1957 -

230 1978 312 2012 fiant
324 1981 466 2012 materia.
519 1978 728 2013 Metallorum
741 1978 818 2011 vcro
842 1989 946 2024 paucae
957 1977 1176 2022 praeceslerunt
1192 1977 1359 2011 mistiones
1370 1999 1381 2015 ,
1407 1979 1440 2010 δέ
1454 1978 1593 2024 proinde
1616 1978 1779 2014 elementa
1799 1981 1917 2020 leviter

230 2027 362 2061 alterata
374 2051 383 2065 ‚
402 2030 434 2061 &
445 2039 564 2062 mutata
582 2031 615 2062 in
626 2030 671 2063 eis
682 2028 828 2062 existunt.
881 2026 1041 2064 Secundo.
1069 2027 1244 2074 Quidquid
1261 2028 1277 2060 a
1297 2026 1405 2060 calore
1418 2027 1528 2061 nostro
1542 2028 1647 2067 vinci,
1669 2031 1832 2065 &mutari
1844 2043 1916 2065 non

231 2077 336 2121 potest
345 2100 354 2114 ‚
371 2077 452 2111 illud
464 2078 568 2111 nostra
580 2089 716 2123 corpora
726 2088 869 2114 recreare
879 2088 947 2110 non
962 2075 1065 2122 potest
1074 2098 1084 2114 ‚
1097 2075 1159 2112 tale
1173 2087 1279 2111 autern
1290 2077 1419 2110 videtur
1429 2076 1490 2111 esle
1501 2088 1615 2111 aurum
1627 2100 1638 2116 ‚
1657 2079 1734 2126 quia
1744 2091 1857 2114 aurum
1871 2081 1917 2116 esi:

230 2126 362 2160 solidius
376 2129 407 2160 &
424 2127 553 2167 durius,
565 2140 663 2174 quam
675 2139 709 2162 ut
721 2128 871 2167 mistione
882 2126 981 2160 instar
992 2124 1225 2160 alimentorum
1238 2124 1382 2159 emolliri
1391 2128 1425 2159 &
1436 2125 1553 2173 liquari
1567 2127 1673 2172 poffir,
1725 2129 1816 2164 Hine
1826 2141 1916 2164 non-

229 2174 335 2213 nulli,
345 2187 381 2209 ut
393 2177 507 2210 Turcae
521 2179 556 2211 in
569 2177 673 2211 castris
685 2202 696 2216 ‚
707 2177 778 2211 suos
790 2187 946 2210 nummos
958 2173 1088 2209 sorbere
1102 2174 1225 2214 solent,
1236 2180 1342 2222 urgeos
1352 2175 1468 2210 melius
1479 2179 1512 2210 &
1521 2175 1660 2212 secui-ius
1670 2177 1797 2212 servent
1814 2179 1916 2224 3illos

235 2226 326 2258 enim
339 2224 458 2258 deinde
468 2238 539 2260 cum
552 2225 685 2261 faecibus
700 2227 846 2272 integros
856 2248 866 2265 ,
884 2223 1090 2271 inmotosque
1100 2234 1248 2271 egerunt.
1299 2225 1346 2259 Ex
1360 2224 1411 2260 his
1421 2225 1544 2261 duabus
1558 2227 1776 2274 opinionibus
1787 2240 1859 2263 eam
1868 2231 1917 2265 le·

231 2273 299 2320 lige
309 2295 318 2312 ,
329 2275 464 2318 quaetibi
475 2275 680 2320 probabilior
691 2275 831 2310 videtur.

329 2323 491 2357 Caeterum
512 2325 594 2358 Patri
615 2326 790 2360 Honorato
803 2322 895 2359 Fabri
915 2324 1057 2359 secundae
1069 2321 1229 2358 sententiae
1248 2322 1391 2358 Patrono
1408 2324 1538 2359 videtur
1551 2323 1677 2370 primo,
1699 2337 1812 2361 aurum
1825 2349 1836 2365 ,
1854 2325 1914 2362 nisi

228 2371 405 2407 resolvatur
421 2373 535 2418 (utait
545 2375 682 2423 Tra&,7
703 2386 786 2422 prop
801 2376 881 2421 44.)
901 2373 990 2408 nulla
999 2375 1118 2409 virtute
1127 2374 1253 2408 medica
1267 2373 1402 2420 pollere.
1453 2375 1632 2409 Rationem
1645 2375 1709 2412 dat,
1726 2377 1802 2421 quia
1811 2378 1913 2411 virtus

228 2422 458 2455 medicamenti
470 2433 534 2456 tota
547 2423 645 2468 posita
654 2424 698 2458 est
719 2426 802 2458 iniis
815 2423 1014 2470 corpusculis
1025 2446 1036 2462 ,
1055 2424 1091 2456 in
1106 2434 1176 2469 quae
1187 2423 1463 2458 medicamentum
1485 2422 1592 2469 ipsum
1607 2424 1798 2464 resolvitur,
1813 2426 1865 2460 vel
1876 2428 1913 2462 in

228 2469 333 2504 halitu
342 2493 352 2509 ‚
366 2470 417 2504 vel
426 2473 461 2505 in
471 2471 564 2506 succo
574 2473 730 2519 expresso.
783 2475 871 2508 Hinc
882 2475 969 2513 dicit,
979 2472 1159 2508 bracteolas
1170 2473 1252 2511 illas,
1264 2471 1381 2519 quibus
1392 2471 1498 2518 pilulae
1510 2475 1641 2508 medicae
1650 2474 1779 2509 involvi
1792 2475 1913 2516 solent,

228 2531 288 2566 per
298 2521 511 2555 ventriculum
524 2525 556 2555 δε
570 2523 719 2558 intestina
729 2524 856 2558 intactae
866 2525 999 2559 traduci,
1051 2523 1212 2561 Secundo,
1241 2523 1313 2557 Nec
1325 2521 1500 2557 resolutum
1513 2523 1544 2556 vi
1557 2525 1683 2557 medica
1695 2523 1819 2570 pollere
1828 2550 1837 2565 ,
1856 2526 1910 2560 led

228 2568 251 2603 si
265 2569 341 2616 quid
351 2566 484 2604 effestus
499 2573 621 2617 praestar
634 2596 644 2611 ,
663 2573 697 2607 id
713 2573 829 2608 salibus
847 2576 880 2606 δε
893 2575 986 2618 aquis
999 2571 1139 2607 fortibus
1157 2574 1195 2606 ad
1208 2571 1440 2607 resolutionem
1450 2571 1596 2606 adhiberi
1614 2572 1714 2608 (olitis
1723 2573 1911 2610 adscriben-

227 2620 305 2652 dum
319 2617 404 2653 fore.
457 2622 552 2656 Unde
562 2621 601 2656 sic
612 2621 796 2657 concludit.-
823 2624 924 2668 lgitur
934 2634 1047 2657 aurum
1061 2622 1099 2655 ad
1111 2634 1179 2656 tem
1193 2622 1354 2656 Medicam
1368 2623 1500 2666 quidem
1513 2620 1631 2668 speolat
1641 2646 1650 2661 ‚
1669 2634 1739 2657 non
1750 2633 1856 2659 tamen
1870 2625 1906 2657 in

226 2670 407 2703 remedium
417 2671 491 2717 aegri
502 2693 513 2709 ,
532 2672 630 2705 sedin
642 2675 780 2718 pretium
795 2673 937 2710 Medici,
949 2675 983 2706 &
993 2671 1081 2706 nulla
1091 2671 1153 2704 alia
1172 2673 1287 2705 virtute
1298 2671 1426 2706 Medica
1439 2671 1560 2718 pollet,
1581 2672 1640 2706 nisi
1651 2675 1726 2718 quia
1739 2673 1906 2708 necessari-

227 2729 284 2752 um
298 2718 361 2756 est,
376 2729 444 2752 tum
455 2719 493 2753 ad
510 2722 644 2756 emenda
656 2721 893 2755 medicamenta
903 2744 913 2760 ‚
930 2732 999 2755 tum
1015 2723 1053 2754 ad
1067 2722 1234 2755 Medicum
1247 2721 1296 2754 sua
1308 2721 1457 2755 mercede
1467 2722 1669 2756 donandum.

328 2770 461 2810 Quaetes
472 2771 600 2816 quinio.
649 2772 739 2812 Quid
750 2769 785 2804 sit
797 2781 909 2804 autum
921 2770 1115 2805 fulminans.
1165 2770 1385 2816 Respondeo:
1405 2770 1773 2819 nihiless'ealiud,qutim
1788 2769 1904 2817 pulve-

227 2825 295 2848 rem
307 2818 376 2851 auri
390 2820 608 2854 tenuiffimum
623 2819 766 2855 halintto
776 2819 1001 2859 commistum,
1017 2821 1072 2864 qui
1083 2819 1231 2853 accensus
1244 2818 1391 2853 fulminis
1401 2820 1497 2854 instar
1507 2832 1580 2854 cum
1592 2823 1717 2856 tonitru
1726 2821 1800 2858 tuit,
1811 2822 1902 2860 cuius

226 2863 313 2898 causa
324 2867 433 2901 eadem
446 2869 491 2903 est
500 2892 511 2907 ,
524 2881 594 2915 quae
603 2871 644 2904 de
654 2868 834 2904 iulmnibus
846 2871 1014 2903 &tonitru
1024 2872 1093 2903 data
1104 2869 1148 2901 est
1160 2892 1169 2906 ‚
1180 2881 1279 2913 quam
1293 2871 1432 2915 proinde
1443 2868 1564 2904 ibidem
1581 2871 1690 2906 videre
1700 2871 1828 2916 poteris.

323 2915 384 2949 Pro
402 2916 540 2953 clausula
557 2920 740 2964 quaestionis
753 2919 848 2963 hujus
864 2917 1029 2964 sequentia
1052 2919 1137 2952 iectu
1156 2917 1278 2952 curiosa
1296 2918 1467 2964 subiungi).
1520 2921 1555 2953 ln
1579 2918 1805 2966 Augustiffimo
1829 2920 1898 2961 Sac,

224 2962 307 2999 Caes.
319 2965 440 3007 Majest.
454 2969 690 3003 Cimeliarcliio
714 2970 799 3003 inter
811 2967 873 3001 alia
883 2970 1002 3002 rariora
1012 2979 1128 3002 natur-r
1139 2971 1169 3001 δε
1182 2970 1257 3002 artis
1269 2980 1380 3002 aurum
1393 2967 1571 3014 vegetabile
1587 2970 1682 3003 instar
1695 2967 1742 3002 fili
1756 2972 1900 3004 contorti

221 3010 239 3044 ἒ
251 3021 333 3045 testa
346 3023 538 3059 prognatum
551 3041 560 3056 ,
574 3016 738 3053 refertutd
752 3021 792 3057 D,
809 3017 952 3064 Philippo
968 3019 1066 3053 Sachs
1077 3020 1097 3049 a
1116 3016 1302 3053 Lo‘benheim
1314 3019 1440 3064 Ephem.
1456 3023 1562 3069 qam,
1573 3021 1651 3052 Gur.
1661 3020 1738 3055 Dee.
1758 3029 1812 3058 ιο,
1825 3019 1903 3063 Obs,

221 3072 282 3102 131.
308 3061 372 3097 hoc
381 3075 498 3100 aurum
509 3066 672 3114 obryzum
690 3068 708 3102 a
718 3068 834 3103 rustico
846 3069 990 3116 quodam
999 3091 1010 3109 ,
1028 3079 1062 3104 ut
1072 3067 1148 3102 loco
1159 3069 1209 3105 cit.
1219 3080 1435 3108 memoratur,
1448 3069 1483 3103 in
1492 3067 1593 3105 fluvio
1602 3070 1714 3106 Tama
1725 3079 1830 3117 prope
1838 3081 1901 3115 pa-

1816 3129 1898 3167 gum
