2003 3434
210 137 324 195 280
829 131 1209 202 Meteorologia

311 219 437 264 Argues
449 216 559 251 tertio.
610 215 660 250 Ad
675 215 929 261 productionem
948 218 1018 249 auri
1038 217 1204 250 concurrit
1220 212 1307 248 calor
1321 211 1406 248 Solis
1418 213 1453 247 &
1473 209 1622 257 syderum
1639 209 1809 247 influxus,
1835 209 1896 253 qui

213 275 284 298 non
299 268 402 312 potest
420 267 559 312 suppleti
579 277 633 310 per
644 270 785 298 calorem
800 267 885 309 ignis
898 263 1078 310 applicati,
1106 263 1244 298 sicuthic
1255 275 1321 296 non
1334 261 1441 309 potest
1450 259 1601 307 lupplete
1612 259 1753 294 calorem
1763 267 1898 292 natura-

209 312 273 347 lem
284 338 294 353 ‚
322 316 399 350 alias
411 319 508 349 etiam
522 315 686 348 mediante
704 315 784 361 igne
804 326 844 346 ex
862 325 944 359 pane
965 312 1065 359 posset
1087 311 1155 347 fieri
1170 324 1256 350 cam,
1269 315 1302 346 δε
1314 325 1352 346 tx
1366 313 1446 346 vino
1459 311 1625 344 humanus
1635 306 1778 354 sanguis.
1830 308 1899 339 Re-

211 359 361 408 spondeo
384 363 548 409 negando,
574 363 664 409 quod
681 364 768 397 calor
780 362 889 395 lolaris
903 361 1226 409 nonpoffitluppleti
1240 384 1250 399 ‚
1275 372 1313 395 ut
1325 363 1455 408 patetin
1467 359 1616 398 floribus,
1634 359 1691 402 qui
1704 358 1744 389 ad
1756 357 1900 390 calorem

211 410 398 448 fornacisin
415 405 527 458 hyeme
539 424 740 459 generantur
753 436 763 451 ,
789 413 870 446 &in
883 411 994 446 multis
1003 412 1074 446 aliis
1086 408 1257 445 effestibus
1271 432 1281 447 ,
1297 409 1465 457 dequibus
1478 408 1715 453 experientiam
1729 405 1900 439 habemus.

210 462 260 494 Sic
270 466 390 511 pariter
401 461 504 509 potest
515 474 570 507 per
583 473 684 495 artem
703 460 914 495 medicinae&
926 463 1047 494 virtute
1058 461 1309 505 pharmacorum
1320 459 1460 505 suppleri
1473 457 1621 491 descetus
1632 454 1752 489 coloris
1764 465 1899 487 natura-

209 508 262 544 lis.
312 510 472 545 Colorem
491 522 599 545 tamen
613 510 824 545 stomachiad
836 513 1148 544 transmutationem
1167 507 1410 542 substantialem
1424 507 1556 541 acalore
1574 508 1660 552 ignis
1676 515 1745 536 non
1765 501 1896 547 supple-

211 569 265 593 tur
275 582 284 598 ,
308 559 383 593 cum
394 560 457 594 hoc
469 559 567 594 nobis
578 559 669 594 nulla
680 562 808 592 ratione
819 558 959 595 constet.
1008 559 1138 593 Deinde
1153 558 1193 590 ad
1203 560 1451 603 generationem
1463 558 1566 589 carnis
1578 559 1611 589 &
1624 552 1793 599 sanguinis
1806 551 1900 596 plura.

210 610 446 654 requiruntur,
474 621 574 656 quam
587 620 655 642 arte
680 608 744 641 ulla
764 605 850 642 effici
868 607 1000 655 possint.
1051 606 1208 641 Tradunt
1226 617 1333 640 tamen
1351 605 1519 643 nonnulli,
1533 604 1602 638 fieri
1617 603 1705 650 polle
1718 611 1903 634 carne-mex

211 668 296 701 pane
307 671 361 704 pet
374 658 510 706 aliquod
523 660 590 692 dies
604 655 778 692 defossoin
792 658 1015 704 sterquilinio3
1042 658 1133 703 quod
1152 655 1287 701 quidem
1306 657 1345 689 ad
1365 654 1493 689 fabulas
1514 653 1726 698 rejiciendum
1747 662 1810 696 ego
1833 650 1904 681 exi..

212 706 325 745 ssimo.
375 710 419 742 At
438 708 516 742 vero
526 708 564 741 ad
577 706 700 742 metalli
719 710 1032 741 transmutationem
1053 711 1086 738 in
1109 717 1225 738 aurum
1247 704 1331 739 nihil
1353 704 1494 751 amplius
1508 706 1704 751 requiritur,
1719 704 1824 747 quam
1839 708 1905 742 ars,

213 759 359 802 quaejam
373 757 541 804 adeptaest
555 780 565 796 ,
593 755 726 802 utapud
745 756 840 801 hujus
854 759 932 790 artis
949 757 1119 802 peritiores
1132 766 1197 802 pto
1218 753 1378 793 cettoest.

314 849 440 894 Argues
450 846 581 894 quarto.
635 848 715 882 Non
737 843 870 893 poffiint
890 845 1030 891 chymici
1049 855 1147 879 unam
1160 855 1326 890 gemmam
1339 838 1795 886 transmutareinaliamv.g·
1816 836 1906 871 Ad²·'

216 907 361 931 mantem
377 897 646 943 anmaragdum.
666 895 932 942 chrylolirumin
955 893 1227 931 Carbunculum,
1255 893 1500 941 ergonecaliud
1511 891 1698 928 metallum.
1750 886 1907 934 Respon-

215 948 354 984 deo,me
366 946 462 988 hujus
472 950 551 980 artis
571 945 698 980 nullam
715 943 1072 989 videreimplicantiam
1086 966 1095 980 ‚
1123 943 1255 989 quodid
1274 944 1377 990 ipsum
1389 942 1486 977 multi
1500 939 1793 975 docentAuthores
1812 946 1824 984 3
1852 935 1906 970 vel

214 996 301 1030 certe
320 996 471 1030 nondum
485 1007 534 1029 ars
556 994 611 1028 illa
627 999 761 1029 inventa
777 995 843 1031 est,
866 992 945 1027 ficut
962 993 1007 1027 est
1024 996 1160 1027 inventa
1173 994 1407 1028 transmutatio
1421 990 1655 1031 metallorum,
1680 1000 1716 1024 ut
1726 988 1853 1023 constat
1865 996 1908 1020 ex

217 1044 366 1092 probatis
377 1045 540 1080 historicis
555 1048 588 1079 &
600 1045 749 1079 adduciis
765 1043 935 1090 exempliS.

304 1138 438 1184 -Argues
451 1134 584 1182 quinto.
637 1136 762 1168 Vivens
778 1133 960 1180 pericuum
989 1145 1080 1167 extra
1104 1135 1272 1167 matricem
1292 1134 1411 1180 nequit
1429 1134 1599 1181 generari,
1626 1139 1708 1176 ergo
1719 1130 1820 1163 etiam
1835 1138 1906 1161 me-

215 1181 331 1218 tallum
347 1184 546 1232 perfeetum,
561 1183 658 1230 quale
681 1184 726 1217 est
743 1196 862 1217 aurum
875 1211 887 1230 9
915 1186 1032 1229 nequit
1056 1183 1196 1228 produci
1221 1194 1313 1217 extra
1333 1184 1495 1218 mineram
1514 1186 1696 1217 matricem.
1750 1178 1906 1224 Respon-

213 1232 292 1271 deo,
311 1236 424 1268 vivens
440 1232 674 1280 iniperfectum
690 1232 793 1279 potest
803 1245 842 1266 ex
857 1244 1055 1279 quacunque
1068 1235 1204 1266 materia
1217 1243 1307 1267 extra
1327 1242 1456 1266 uterum
1468 1234 1630 1279 generari,
1656 1240 1714 1263 cut
1724 1240 1792 1262 non
1804 1232 1837 1262 &
1849 1237 1908 1260 au-

216 1293 291 1316 rum
305 1281 365 1317 illo
380 1281 480 1329 longe
500 1280 761 1329 imperfectius?
788 1281 906 1315 deinde
926 1282 1099 1328 disparitas
1112 1281 1179 1319 est,
1208 1280 1298 1328 quod
1319 1283 1418 1327 primi
1433 1295 1501 1316 non
1523 1278 1914 1323 habeatutexpericntia;

215 1343 290 1377 qnae
305 1332 490 1366 habetutde
503 1330 664 1370 secundo,
690 1342 774 1365 utex
785 1330 889 1364 allatis
910 1342 1020 1376 patet,
1045 1330 1167 1377 quibus
1181 1329 1396 1377 sequentiain
1407 1332 1698 1365 confirmationem
1709 1328 1803 1360 adde·
1834 1326 1915 1359 No-

217 1391 269 1414 tus
284 1378 491 1419 efflibellus,
517 1393 554 1416 ut
588 1384 702 1428 inquit
730 1379 810 1417 P.de
831 1380 1043 1413 Rhoaeswn‘l.
1063 1383 1160 1427 Perip.
1175 1381 1197 1417 Ι.
1209 1391 1242 1416 2.
1257 1382 1340 1426 Disp.
1359 1391 1388 1416 1.
1400 1393 1432 1426 q.
1444 1382 1552 1426 ascib,
1564 1391 1579 1420 3
1596 1405 1604 1414 .
1619 1376 1843 1422 superioribus
1853 1387 1914 1408 an-

216 1432 267 1463 nis
279 1432 407 1470 editus,
435 1430 492 1466 ubi
514 1433 664 1466 accurate
689 1431 875 1476 disputatur
896 1430 936 1464 de
955 1441 1054 1462 aureo
1073 1430 1183 1467 dente,
1208 1432 1265 1476 qui
1284 1431 1695 1476 {ponteiuccrevetatcum
1715 1424 1788 1460 aliis
1799 1426 1913 1459 denti-

218 1478 280 1513 bus
310 1482 345 1514 in
377 1492 434 1514 ote
469 1481 584 1515 militis
628 1481 807 1527 Hungariae
852 1482 887 1514 in
929 1479 1036 1512 castris
1076 1481 1286 1526 Imperatoris
1320 1505 1331 1523 ‚
1393 1481 1484 1526 quod
1518 1491 1639 1514 autum
1681 1477 1834 1510 omnium
1862 1475 1913 1519 ili·

212 1528 300 1562 dicio
323 1529 428 1565 visum
449 1530 494 1564 est
518 1528 793 1576 probatiffimum.
870 1527 987 1563 Refert
1010 1528 1195 1562 Alexander
1208 1527 1249 1561 ab
1266 1527 1455 1562 Alexandro
1469 1528 1575 1575 lib.4,
1589 1525 1710 1575 genial.
1730 1525 1860 1559 dierum
1873 1525 1910 1558 in

208 1579 390 1613 Germania
405 1580 558 1613 citeriore
569 1577 950 1624 vitesjuxtaDanubium
962 1577 1030 1610 totfi
1045 1579 1163 1623 hyeme
1175 1589 1267 1612 terrae
1284 1576 1481 1624 insepultas‚
1511 1577 1590 1624 saepe
1603 1581 1639 1611 iu
1659 1575 1765 1610 aestate
1776 1585 1914 1622 capreo-

205 1626 278 1661 olos
288 1640 403 1662 aureos
416 1630 635 1674 &pampinos
649 1630 849 1674 germinire.
901 1626 1008 1661 Causa
1021 1627 1216 1669 hujusaddit
1227 1649 1237 1665 ,
1264 1626 1395 1662 cumibi
1406 1630 1518 1674 inquit
1534 1629 1605 1661 auri
1617 1625 1741 1660 fodinae
1753 1622 1919 1662 fint,sub-

214 1687 268 1710 tus
284 1677 464 1711 coalescere
479 1679 513 1710 in
524 1676 688 1710 radicibus
708 1689 845 1713 aurum,
888 1679 920 1709 δε
945 1688 1006 1709 una
1028 1678 1238 1722 ingenitum,
1268 1689 1303 1709 ac
1332 1677 1573 1710 condensatum
1608 1672 1737 1709 occulta
1762 1675 1915 1720 origine,

216 1726 296 1760 dum
314 1728 465 1772 germina
485 1727 644 1760 emittunt
667 1728 776 1761 vires,
812 1724 956 1757 mirabili
981 1735 1103 1758 natutae
1122 1725 1320 1762 constituto,
1345 1727 1544 1759 autdecreto
1575 1723 1742 1758 stellarum
1760 1745 1770 1759 ‚
1797 1734 1917 1757 aurum

220 1773 317 1808 fimul
329 1786 515 1820 erumpere.
567 1776 691 1808 Narrat
708 1777 742 1808 &
762 1772 955 1808 Aristoteles
970 1772 1021 1810 lib.
1042 1773 1078 1807 dc
1091 1773 1283 1808 admirandis
1297 1773 1503 1810 auditionibus
1516 1798 1526 1815 ,
1550 1772 1673 1810 alicubi
1689 1784 1730 1806 aes
1749 1772 1917 1819 Cyprium

223 1823 265 1858 ab
287 1822 440 1871 agricolis
461 1822 642 1869 seminari,
668 1827 703 1858 &
723 1825 813 1868 meti.

323 1915 453 1961 Argues
481 1914 628 1961 denique
646 1912 749 1948 sexto,
803 1911 1021 1958 Alchymistas
1048 1910 1163 1957 sae-pius
1193 1914 1227 1946 in
1271 1911 1453 1948 manifestis
1473 1913 1666 1960 imposturis
1687 1910 1783 1946 fuisse
1805 1912 1920 1959 depre-

225 1960 359 2000 hensos.
408 1965 491 1998 Item
504 1963 575 1998 fere
588 1962 712 2009 semper
726 1964 914 1996 mendicum
926 1962 970 1995 est
991 1962 1053 1995 hoc
1081 1962 1256 1996 hominum
1278 1974 1391 2008 genus.
1442 1964 1696 1998 Constatetiam
1714 1960 1918 2007 opulentiffi-

226 2024 301 2047 mos
325 2014 426 2047 etiam
439 2036 449 2050 ,
483 2013 542 2046 hac
569 2023 636 2047 arte
654 2036 664 2051 ‚
702 2013 742 2046 ad
772 2014 909 2054 majores
939 2011 1070 2045 divitias
1105 2010 1320 2050 anhelantes,
1354 2010 1438 2046 bene
1457 2024 1549 2058 parta
1586 2012 1769 2059 prodegisse
1783 2035 1795 2052 ,
1833 2016 1866 2046 &
1879 2009 1922 2044 ad

225 2064 418 2107 pauperiem
440 2063 589 2097 redastos
606 2061 680 2097 effe.
732 2060 1005 2107 Respondemme
1023 2059 1112 2094 ultro
1132 2058 1248 2102 fateri,
1276 2073 1344 2096 non
1364 2073 1484 2107 paucos
1503 2065 1537 2096 in
1555 2063 1613 2096 hac
1633 2073 1702 2095 arte
1722 2063 1923 2107 impostores

227 2110 337 2150 fuiffc,
351 2109 402 2145 sed
415 2111 478 2145 hoc
488 2124 555 2146 non
568 2112 879 2155 evincit,chymicos
893 2122 1007 2143 omnes
1017 2108 1080 2143 effe
1092 2108 1249 2144 fraudum
1261 2114 1294 2145 ὃ(
1307 2110 1553 2154 mendaciorum
1565 2110 1790 2147 fabricatores,
1804 2114 1840 2145 Fa
1848 2121 1921 2144 teot
1966 2124 1968 2126 ·

225 2171 349 2207 paritet
363 2158 593 2195 difficillimam
611 2162 693 2195 hanc
707 2158 768 2194 esle
787 2170 890 2194 artem
910 2158 1340 2207 pauciffimisquehadrenus
1358 2162 1540 2207 cognitam,
1569 2161 1656 2195 unde
1669 2163 1701 2194 δε
1713 2172 1823 2194 meum
1838 2172 1922 2194 con-

226 2207 336 2243 filium
347 2209 390 2243 est
401 2220 409 2246 :
420 2209 633 2257 Crysopejam
648 2209 848 2257 speculative
866 2207 934 2242 fors
949 2221 1056 2241 vetam
1068 2209 1204 2242 minime
1215 2220 1323 2243 tamen
1344 2211 1378 2243 in
1393 2212 1519 2256 praxim
1539 2209 1765 2244 deducendam
1779 2208 1823 2242 ob
1838 2221 1921 2253 prae-

230 2258 318 2292 diota
338 2260 547 2293 incommoda
564 2262 785 2294 communiter
803 2260 1049 2304 promanantia.
1130 2258 1244 2301 Qare
1266 2270 1382 2292 eorum
1405 2259 1594 2306 Principum
1624 2258 1819 2304 sapientiam
1847 2270 1923 2292 com

229 2308 386 2342 mendare
395 2319 543 2353 oportet,
562 2311 619 2356 qui
634 2306 782 2342 subditos
791 2307 864 2342 suos
884 2306 923 2340 ab
938 2305 1259 2348 hujusmodiartibm
1270 2306 1352 2341 serio
1361 2320 1514 2347 avocant,
1529 2308 1708 2355 prudenter
1718 2310 1793 2346 tati,
1808 2319 1921 2343 veram

233 2368 337 2390 artem
365 2357 493 2391 ditandi
516 2356 612 2392 urbes
633 2361 667 2392 &
683 2358 869 2404 provincias
879 2352 942 2389 esse
956 2355 1101 2389 laborem
1115 2356 1359 2399 &industriam
1372 2359 1509 2394 civium.
1560 2356 1744 2403 Chymicus
1764 2356 1929 2392 excellens

231 2405 378 2440 Penotus
397 2416 486 2445 erat,
513 2405 612 2453 quam
633 2406 748 2441 milet&
775 2407 811 2440 in
833 2416 983 2440 extremo
1005 2406 1078 2438 suos
1098 2417 1196 2439 canos
1221 2403 1410 2450 deposuerit
1429 2407 1517 2441 lenio
1543 2430 1553 2446 ,
1596 2418 1715 2441 notum
1736 2406 1842 2442 doctis
1860 2418 1928 2440 vox

233 2452 325 2489 illius
337 2453 421 2493 fuit:
447 2459 483 2489 Se
493 2456 616 2500 fialicui
634 2457 750 2492 malum
760 2457 863 2494 vemt,
886 2467 976 2499 quem
996 2453 1100 2500 apertd
1110 2457 1143 2487 vi
1154 2454 1281 2500 aggredi
1301 2467 1357 2488 non
1382 2456 1521 2498 valeret,
1547 2455 1706 2492 authorem
1734 2458 1786 2503 ipsi
1809 2457 1925 2508 chymi-,

236 2502 451 2539 caeexercendae
463 2506 625 2550 futurum.
684 2507 833 2541 Sennett.
857 2505 897 2539 de
917 2502 1066 2547 contens.
1085 2505 1121 2539 &
1139 2501 1269 2544 differri.
1292 2516 1318 2538 c.
1344 2515 1382 2543 2.

301 2601 304 2604 ’
338 2595 472 2637 Quaeres
495 2606 602 2630 tamen
630 2594 825 2630 curiositatis
846 2595 976 2633 studio,
1011 2606 1084 2640 quae
1105 2593 1143 2628 fit
1176 2596 1311 2629 materia
1337 2593 1458 2641 lapidis
1489 2596 1741 2642 Philoiophici?
1766 2595 1919 2646 Respon:

241 2642 545 2691 de0‚multiplicem
555 2645 595 2680 de
611 2644 876 2679 hocAuthorum
896 2643 958 2678 esse
970 2647 1186 2691 opinionem3
1219 2643 1322 2691 aliqui
1343 2643 1474 2680 censent
1487 2659 1558 2681 earn
1580 2645 1642 2682 else
1663 2649 1735 2682 auri
1758 2647 1925 2691 lcori2m3

241 2694 297 2728 alii
319 2693 491 2731 vittiolum
521 2698 555 2728 δε
576 2695 783 2734 arlenicum;
817 2693 971 2728 nonnulli
1000 2693 1134 2727 alumen
1151 2721 1165 2741 ‚
1197 2692 1395 2741 magnesiam
1416 2717 1427 2733 ‚
1464 2696 1688 2734 chalcantum.
1750 2697 1924 2731 peritiores

241 2741 390 2787 judicant
413 2767 422 2781 ‚
446 2743 646 2791 aptiffimum
666 2741 728 2777 effe
747 2741 881 2790 sulphur
899 2747 933 2778 &
949 2743 1194 2790 hydtagyrum,
1219 2754 1335 2789 utpote
1353 2756 1425 2790 quae
1441 2745 1591 2780 constant
1612 2745 1815 2793 potiffimum
1833 2756 1923 2779 tem-

243 2802 435 2836 peramento
454 2791 612 2840 requifito
632 2792 672 2826 ad
687 2796 933 2839 generationem
950 2795 1047 2836 auti3
1083 2792 1327 2839 hydrargyrum
1340 2797 1446 2829 ‘enirn
1472 2798 1595 2840 potiori
1616 2807 1656 2829 ex
1677 2807 1768 2841 parte
1784 2794 1924 2829 consur-i

243 2842 305 2922 Ξίῑ»
320 2852 359 2874 ex
392 2842 533 2879 humido
558 2843 676 2890 pingui
697 2845 731 2877 ὅ(
756 2845 882 2888 ae're05
921 2841 1058 2890 sulphur
1078 2839 1157 2878 veto
1181 2840 1323 2877 nascitur
1344 2854 1384 2877 ex
1404 2855 1499 2879 terrae
1531 2846 1738 2893 pinguedine
1762 2845 1921 2880 &visco-

273 2898 346 2928 tate.

1794 3025 1934 3077 Qaere's
