2060 3444
296 153 406 208 250
913 137 1290 210 Meteorologia

290 236 342 259 cus
373 222 419 259 est
454 222 500 259 sal
535 226 700 273 nigricans
707 247 717 265 2
743 223 797 260 vel
831 222 989 260 subrufus
1005 226 1040 260 in
1057 226 1148 261 India
1167 236 1207 259 ex
1223 232 1337 259 monte
1358 225 1545 259 Orernento
1561 221 1699 264 excisus.
1755 221 1846 260 Hinc
1870 218 1978 270 sequid

293 286 348 310 tur

392 323 711 370 Conclufioquarta.
736 321 788 359 Sal
799 320 914 358 diversi
928 319 1046 357 coloris
1054 322 1121 369 ‘estg
1149 321 1202 356 sed
1217 331 1253 356 ut
1266 317 1568 368 plurirmimalbum
1578 348 1588 364 ,
1617 323 1758 359 estenim
1769 321 1858 371 quasi
1874 332 1978 356 terre-

293 372 365 407 stris
377 372 491 420 spuma
504 397 513 412 ‚
539 386 610 420 quae
630 372 751 408 scilicet
767 374 942 408 candorem
960 371 1111 419 praefert3
1136 373 1287 419 quamvis
1300 382 1436 419 propter
1447 374 1686 408 admixtionem
1696 371 1830 415 alicujus
1847 373 1980 406 hetero-

290 425 407 470 genei‚
436 421 617 469 aliquando
635 421 783 457 rubescat
797 447 807 462 ‚
831 420 1014 469 aliquando
1025 417 1209 469 nigrescar3
1238 421 1329 467 quod
1346 423 1456 455 siccius
1475 423 1542 464 est,
1571 423 1742 457 candidius
1757 421 1828 469 est3
1854 423 1977 456 humor

288 475 380 505 enim
403 470 459 504 sali
484 469 606 506 affusus
619 484 687 506 non
703 485 817 520 parum
833 472 872 505 de
885 470 1025 505 candore
1036 471 1201 517 detrahit3
1227 481 1430 516 purpureum
1442 482 1550 506 tamen
1564 471 1621 506 ubi
1638 473 1774 506 territur
1789 491 1799 508 ,
1820 470 1976 514 albescit3

289 520 377 555 idem
390 520 520 565 prorsus
530 523 689 556 marmori
699 521 801 556 rubro
810 525 843 556 &
854 523 942 555 vitro
952 520 1083 558 accidit.
1136 520 1237 563 Qod
1248 531 1288 552 cx
1300 517 1394 566 ligno
1405 520 1442 554 fit
1451 542 1461 558 ,
1488 520 1656 569 nigrescit,
1682 520 1810 565 semper
1819 522 1906 553 enim
1917 518 1976 552 ali-

289 570 371 615 quid
382 567 535 616 fuliginis
548 571 630 605 inest
644 594 654 610 ,
682 583 754 618 quae
771 573 938 617 nigrorem
959 569 1125 603 conciliat.
1177 569 1336 602 Lacustris
1356 572 1390 603 in
1408 567 1516 604 Sicilia
1528 573 1614 605 tanti
1631 569 1677 604 est
1692 567 1891 615 splendoris,
1917 578 1978 607 ut,

288 619 381 665 quod
396 621 494 653 tradit
512 619 637 654 Plinius
648 639 660 659 >‚
684 623 818 667 recipiat
832 621 1010 666 imaginem
1023 618 1166 654 &instar
1182 616 1302 663 speculi
1317 619 1420 653 vicem
1432 618 1541 655 obeat.
1584 621 1655 660 Qui
1672 622 1706 653 i'n
1718 619 1832 664 Cypro
1844 629 1978 651 excetra

289 679 375 703 terra
398 670 433 702 in
454 681 571 703 monte
587 669 736 716 Olympo
758 669 939 703 extrahitur
953 667 1095 702 formam
1112 672 1146 702 &
1159 668 1306 701 colorem
1318 667 1483 714 sanguinis
1493 672 1638 704 concreti
1648 666 1760 704 habet.
1812 666 1925 701 Rubet
1938 675 1978 701 ex

289 717 396 764 Alepo
410 741 420 756 ,
445 717 642 766 sanguineus
656 732 694 753 ex
706 718 856 753 Barbaria
867 741 877 756 ‚
904 727 1038 752 croceus
1047 728 1087 752 ex
1098 714 1258 762 Hispania
1282 718 1394 751 versus
1411 719 1606 764 Majoricam
1618 720 1730 755 venit,
1757 715 1978 763 naturamque
2054 750 2056 755 ,

290 767 464 801 Halonitri
476 771 509 802 ὃς
518 767 677 802 aluminis
689 767 830 802 obtinet.
857 769 907 801 Ita
919 769 1041 802 Unzer.
1056 777 1147 812 c.17.
1162 767 1202 800 de
1214 764 1292 804 sale.
1337 765 1500 802 Colorum
1512 769 1593 802 hanc
1605 769 1796 802 varietatem
1808 776 1896 800 vatia
1910 774 1978 799 ter·
2054 786 2056 803 ζ

286 827 328 850 rae
340 819 483 850 mixtura
495 817 662 852 conciliat.
2030 816 2035 821 '

371 865 553 900 Conclusio
564 869 693 913 quinta.
719 867 806 900 Finis
819 869 853 900 &
864 863 943 900 usus
954 861 1027 900 salis
1036 867 1122 900 inter
1135 867 1250 900 omnia
1262 865 1335 899 vitae
1345 864 1489 911 praesidia
1501 868 1679 913 praecipuus
1689 868 1723 900 &
1733 863 1910 910 multiplex
1919 858 1978 902 est.

286 914 385 949 Unde
395 916 483 949 reete
494 916 634 953 dicitur:
659 915 725 949 Sole
734 915 837 959 &sale
846 914 932 949 nibil
942 914 1003 949 effe
1012 914 1139 951 utilius.
1191 917 1280 950 Hinc
1301 916 1467 949 Homerus
1485 913 1582 949 salem
1596 917 1748 952 divinum
1766 915 1953 949 nominavit
1965 933 1978 952 ‚

285 966 448 1009 quoniam
468 965 507 998 ad
528 968 638 999 varios
661 966 736 999 usus
757 964 803 999 est
819 964 1112 1003 accommodatus,
1139 976 1224 1012 quos
1243 966 1278 999 in
1289 963 1344 998 sua
1357 964 1602 1012 Mettorologia
1612 975 1726 997 omnes
1738 962 1806 997 fere
1822 963 1977 1008 sequenti

286 1015 391 1048 modo
421 1013 574 1048 describit
596 1016 751 1050 Garceus.
804 1013 916 1047 Primo
931 1010 1086 1058 prohibet
1109 1012 1151 1047 sal
1165 1013 1422 1060 putrefaetionis
1439 1015 1473 1047 in
1484 1013 1551 1059 ipsa
1566 1015 1811 1059 nutricatione3
1838 1010 1977 1045 sinesale

286 1066 376 1097 enirn
387 1063 495 1097 coeno
506 1065 617 1097 mimis
634 1062 703 1097 fieri
719 1060 822 1109 posset
836 1084 846 1100 ‚
868 1060 889 1095 fi
901 1061 1020 1097 relidiae
1043 1061 1147 1097 maffae
1163 1062 1250 1108 chyli
1269 1062 1437 1108 &chymi
1450 1061 1679 1110 putrefierent.
1729 1060 1809 1096 Salis
1822 1061 1901 1095 vero
1915 1069 1978 1093 na-

281 1122 355 1146 tura
369 1112 510 1146 absumit
530 1115 564 1146 in
582 1112 701 1145 nostris
709 1110 904 1157 corporibus
922 1110 1100 1158 superfluas
1113 1112 1184 1146 illas
1195 1113 1408 1146 humiditates
1418 1135 1429 1150 ,
1453 1114 1558 1159 aperit
1568 1114 1603 1146 δε
1615 1110 1772 1158 abstergit
1785 1134 1794 1150 ,
1809 1122 1844 1144 ac
1854 1118 1972 1144 corro-

252 1161 381 1202 cborat
393 1161 625 1208 partesleviter
634 1159 826 1200 deficcatas,
851 1158 965 1195 densat
974 1162 1071 1195 etiam
1086 1165 1218 1208 &cogit
1235 1171 1356 1208 partes.
1404 1161 1536 1196 Deinde
1557 1158 1752 1195 manifestus
1761 1158 1833 1194 usus
1844 1160 1890 1194 est
1901 1156 1975 1193 salis

285 1213 321 1245 in
332 1211 470 1245 arcenda
482 1208 726 1257 putrefastione
736 1211 886 1250 carnium
898 1232 909 1248 ‚
932 1222 1004 1256 quae
1012 1210 1052 1243 ad
1066 1210 1241 1258 ususlongi
1251 1213 1408 1257 temporis
1418 1210 1601 1247 servantur.
1653 1208 1829 1256 Propterea
1846 1207 1887 1242 ab
1896 1219 1974 1243 orn-

281 1260 384 1295 nibus
402 1258 599 1306 corporibus
615 1261 683 1293 vita
701 1259 863 1293 destitutis
877 1257 1156 1305 putrefaffionern
1173 1271 1259 1294 arcet
1269 1262 1405 1294 &cavat
1417 1283 1428 1299 ,
1452 1271 1560 1307 neque
1574 1258 1648 1293 sinit
1657 1257 1808 1306 prorsum
1818 1260 1974 1296 interire,

280 1310 339 1356 diu
360 1312 460 1343 morti
471 1309 572 1344 veluti
589 1307 735 1343 resistens
749 1331 759 1347 ‚
781 1307 967 1355 anirnaec'lue
978 1308 1088 1355 quoad
1100 1309 1198 1348 licet,
1225 1310 1296 1344 vice
1307 1308 1475 1357 fungitur.
1532 1310 1723 1343 sicutenim
1737 1310 1846 1342 anima
1860 1316 1973 1342 tuetur

281 1359 466 1394 animantia
479 1382 490 1397 ,
515 1361 550 1393 ὅ(
559 1361 730 1397 continet,
753 1367 861 1405 neque
871 1355 1152 1406 finitcompagem
1164 1357 1394 1393 membrorum
1403 1355 1531 1404 delabi3
1555 1361 1606 1392 ita-
1620 1356 1663 1392 sal
1677 1360 1792 1392 animae
1814 1355 1973 1403 exemplo

282 1408 418 1443 cohibet
431 1419 607 1455 corporum
617 1407 847 1445 harmoniam,
875 1406 951 1441 cum
961 1406 1000 1441 ad
1014 1406 1122 1442 tabem
1135 1405 1304 1442 declinant
1315 1429 1326 1448 ,
1349 1409 1384 1443 &
1403 1405 1630 1442 membrorum
1647 1409 1732 1440 inter
1748 1406 1780 1441 se
1789 1405 1972 1440 amicitiam

280 1456 465 1493 conservat.
514 1457 607 1491 Adde
622 1478 633 1495 ‚
654 1455 748 1504 quod
767 1459 802 1491 &
825 1458 861 1490 in
879 1456 1101 1493 medicatione
1113 1455 1291 1492 vulnerum
1305 1455 1462 1505 frequens
1476 1457 1574 1491 etiarn
1585 1453 1743 1492 salisusus
1757 1450 1807 1492 sit.
1857 1453 1970 1490 Habet

280 1510 316 1543 δε
330 1507 414 1542 illud
455 1503 521 1541 uafi
532 1507 683 1542 divinum
695 1505 761 1545 sal,
786 1505 880 1553 quod
890 1507 923 1541 vi
936 1504 1079 1552 quadam
1090 1507 1251 1555 gignendi
1264 1505 1301 1541 sit
1311 1507 1464 1553 praeditus
1473 1526 1483 1545 ‚
1510 1508 1659 1553 vigorem
1672 1506 1761 1540 enirn
1776 1504 1969 1540 seminalem

281 1519 505 1604 expergesacit
514 1558 656 1594 &acuit.
706 1558 821 1598 Quare
834 1557 894 1602 qui
906 1553 1041 1590 canibus
1053 1555 1180 1591 alendis
1189 1557 1272 1590 dant
1283 1551 1416 1603 operam
1427 1579 1438 1595 ,
1465 1553 1552 1590 salsis
1563 1554 1716 1589 carnibus
1730 1566 1787 1590 eos
1797 1553 1932 1601 pascunt
1958 1575 1971 1593 2

278 1619 348 1653 quo
358 1607 397 1640 ad
411 1607 442 1653 gi
493 1605 615 1640 endum
632 1605 812 1639 reddantur
828 1603 1012 1641 alacriores.
1063 1604 1160 1641 unde
1181 1603 1288 1640 1³0&ae
1305 1605 1439 1654 fingunt
1454 1628 1465 1644 ‚
1491 1604 1654 1638 Venerem
1668 1606 1829 1651 genitutae
1847 1601 1970 1638 Princi-

278 1667 353 1701 pem
376 1654 393 1689 ex
412 1617 622 1701 sagunnam}⁸
649 1665 709 1688 nec
729 1651 835 1688 ullum
852 1651 974 1687 animal
998 1654 1136 1700 perinde
1147 1655 1334 1691 faecundum
1344 1655 1389 1689 est
1398 1677 1409 1694 ,
1435 1665 1533 1702 atque
1542 1655 1723 1694 marinum.
1774 1653 1854 1690 Haec
1879 1655 1968 1688 Gar·

282 1715 368 1739 ceus.

375 1747 600 1787 Observatum
620 1752 718 1785 etiarn
735 1748 781 1787 est
794 1761 871 1792 eos,
897 1753 956 1800 qui
971 1746 1120 1788 febribus
1133 1750 1275 1798 putridis
1293 1749 1434 1787 obnoxii
1445 1751 1539 1794 sunt,
1565 1748 1647 1788 cibis
1658 1746 1825 1787 liberalius
1836 1746 1933 1786 salitis
1945 1750 1965 1786 ὶ

280 1803 497 1847 corruptione
507 1802 692 1846 praescrvari
706 1822 715 1838 ,
739 1800 818 1847 quia
830 1804 948 1836 noxios
960 1803 1116 1836 humores
1129 1802 1354 1847 corruptionis
1367 1802 1521 1837 fomitem
1532 1802 1706 1838 exsiccant.
1754 1800 1812 1835 Ob
1827 1800 1964 1835 eandem

275 1850 406 1887 causam
417 1849 479 1884 sale
494 1861 550 1897 per
565 1847 740 1882 intervalla
750 1849 844 1896 passae
855 1862 934 1885 oves
943 1854 975 1886 δι
987 1851 1069 1884 hirci
1080 1850 1298 1897 pinguescunt
1309 1860 1323 1894 3
1347 1848 1400 1885 sed
1411 1855 1444 1886 &
1456 1851 1608 1887 humanat
1619 1853 1695 1886 vitae
1713 1852 1968 1892 conservationi,

277 1899 449 1946 vistuique
461 1897 655 1933 neceffarius
666 1920 676 1936 ‚
700 1897 805 1933 insalsi
825 1901 914 1933 enim
927 1898 992 1934 fine
1004 1898 1066 1933 sale
1076 1897 1152 1933 cibi.
1205 1897 1351 1932 venenis
1364 1899 1455 1934 obest
1465 1900 1604 1936 siccitate
1614 1903 1649 1935 &
1658 1896 1782 1937 calore,
1802 1895 1858 1932 illa
1873 1902 1963 1934 enim
1973 1890 1996 1913 <-

280 1948 400 1985 natura
414 1947 552 1996 frigent·
602 1949 640 1981 In
652 1947 738 1993 peste
746 1946 905 1994 frequens
915 1959 975 1983 nec
987 1947 1113 1983 inutilis
1124 1945 1194 1981 salis
1205 1945 1291 1985 usus,
1316 1951 1393 1994 quia
1404 1960 1503 1995 poros
1517 1949 1651 1984 claudit.
1677 1948 1857 1983 ‘testantur
1865 1950 1965 1982 etiam

277 1997 429 2046 agricola>
441 1998 610 2033 moderata
621 1996 692 2031 salis
705 1995 934 2044 conspersione
942 2009 1075 2045 campos
1084 1997 1176 2031 reddi
1185 1995 1362 2032 fertiliores
1372 2021 1382 2036 ,
1405 1996 1494 2039 forte
1510 1999 1568 2034 bac
1581 1998 1620 2033 de
1631 1998 1740 2036 causa,
1768 1996 1859 2044 quod
1872 1994 1964 2031 calo-

275 2063 310 2084 re
325 2048 384 2096 sup
396 2046 510 2082 semen
519 2046 658 2090 ejectum
669 2046 817 2082 foveant.
866 2047 951 2082 Salsa
963 2058 1072 2081 tamen
1092 2047 1192 2080 nimis
1201 2056 1322 2080 nocent
1333 2045 1437 2082 oculis
1447 2072 1457 2086 ,
1469 2060 1510 2083 eo
1521 2048 1612 2096 quod
1622 2051 1656 2083 in
1669 2046 1733 2082 illis
1741 2046 1888 2081 debitum
1899 2045 1964 2081 hu·

274 2109 401 2133 rnorem
412 2095 619 2135 consumant,
672 2097 795 2130 Pariter
804 2094 909 2130 obesae
919 2097 1075 2132 mulieres
1087 2095 1258 2129 moderato
1268 2096 1340 2131 {alis
1354 2099 1388 2131 in
1398 2099 1617 2132 condimentis
1628 2101 1688 2131 usu
1702 2096 1856 2131 saecundae
1865 2095 1963 2136 fiunt,

275 2147 442 2193 Abstergit
454 2147 543 2180 enirn
555 2144 600 2178 uli
628 2147 716 2179 inem
726 2169 736 2185 ‚
762 2143 1002 2193 matricemque
1011 2144 1083 2192 plus
1093 2144 1169 2179 satis
1178 2144 1276 2178 udam
1287 2145 1424 2181 exsiccat
1435 2169 1446 2185 ,
1472 2157 1506 2181 ut
1521 2145 1630 2181 semen
1640 2147 1810 2182 cohaerear.
1849 2147 1962 2180 Gene-

270 2197 433 2231 rationem
449 2157 751 2240 pretiofiffimarum
770 2197 936 2229 unionum
954 2199 989 2230 &
1007 2192 1121 2229 coralii
1140 2205 1180 2227 ex
1198 2191 1484 2242 saxisemergentis
1498 2198 1533 2231 in
1550 2195 1680 2231 brachia
1692 2198 1845 2230 &ramos
1855 2193 1960 2229 veluti

271 2244 398 2280 arboris
408 2244 598 2288 divaricati3
625 2241 681 2276 sali
690 2241 844 2277 adscribit
853 2245 1044 2291 Quercetan.
1056 2241 1094 2277 de
1108 2240 1229 2279 Medic.
1236 2246 1327 2289 prifit.
1340 2245 1428 2280 Phil.
1439 2258 1474 2283 2.
1523 2247 1575 2280 Ad
1585 2245 1651 2280 haec
1658 2245 1698 2279 ad
1707 2243 1976 2290 os‘Epileptico-‘

272 2305 346 2330 rum
356 2293 511 2328 admotus
521 2303 577 2325 eos
587 2293 723 2329 excitat.
763 2293 833 2326 Ore
844 2294 995 2327 detentus
1009 2291 1059 2327 vel
1068 2290 1269 2338 deglutitus,
1280 2305 1322 2328 ne
1333 2294 1368 2328 in
1381 2292 1602 2329 ventriculum
1615 2293 1789 2328 ascendant
1804 2291 1959 2327 Lambri·

273 2345 303 2378 ci
313 2366 323 2382 ,
344 2339 514 2389 prohibet.
565 2341 721 2387 Denique
732 2339 797 2375 fitis
807 2345 842 2376 &
855 2340 951 2376 famis
962 2343 1149 2376 antidotum
1158 2337 1221 2374 esse
1233 2363 1244 2380 ,
1272 2342 1387 2377 Caroli
1399 2344 1440 2380 V.
1451 2345 1484 2377 in
1493 2341 1666 2379 obsidione
1675 2345 1850 2384 Tunerana
1862 2353 1958 2381 exerq

273 2395 358 2427 citus
367 2390 504 2426 testatus
518 2388 574 2423 est.
625 2388 771 2425 Periiffet
781 2417 792 2433 ‚
818 2389 878 2424 nisi
889 2392 1119 2438 unusquisque
1131 2401 1235 2425 unum
1245 2391 1450 2428 autalterurn
1471 2404 1612 2440 granum
1634 2389 1755 2441 linguae
1769 2389 1957 2439 supposuis-

271 2443 329 2477 set.
382 2442 429 2474 Ita
442 2436 574 2475 Bicker.
584 2441 618 2473 in
631 2437 755 2485 praefat.
768 2437 829 2477 lib.
843 2441 883 2473 de
894 2438 988 2475 sanir.
998 2440 1103 2477 const,

343 2492 479 2532 Quaeres
488 2487 617 2535 primo:
632 2489 702 2522 Cur
712 2501 854 2535 granum
869 2487 940 2523 salis
954 2488 1030 2524 oleo
1041 2490 1197 2535 injectum
1210 2486 1326 2529 faciat,
1352 2501 1390 2526 ut
1400 2491 1512 2526 minus
1525 2489 1591 2526 olei
1609 2490 1957 2538 consumatur‚quem..¹

269 2538 660 2583 admodumexperientia
671 2537 809 2574 constat.
863 2538 1061 2584 Respondeo
1074 2562 1084 2578 ‚
1108 2538 1365 2581 rarionemesse‚
1391 2543 1468 2588 quia
1487 2540 1533 2575 sal
1552 2541 1788 2586 adstringentia
1807 2541 1957 2588 quaedam

269 2587 462 2636 corpuscula
471 2586 655 2634 suppeditat
672 2609 682 2624 ‚
707 2599 776 2634 quae
786 2584 897 2620 oleum
908 2588 942 2621 in
953 2587 1121 2634 ellychnio
1132 2589 1259 2625 diutius
1269 2592 1415 2625 retinent
1425 2613 1435 2629 ‚
1458 2602 1557 2638 arque
1574 2590 1656 2624 adeo
1665 2588 1795 2624 faciunt
1807 2611 1818 2628 ,
1834 2600 1875 2624 ne
1885 2599 1956 2624 tam

269 2641 338 2672 cito
348 2635 471 2672 avolet.
522 2634 586 2670 alii
598 2637 760 2670 rationem
774 2635 854 2669 dant
864 2648 903 2670 ex
915 2649 955 2670 eo
967 2661 978 2676 ,
1006 2638 1097 2685 quod
1109 2639 1126 2673 a
1136 2636 1199 2673 sale
1210 2637 1367 2674 nonnihil
1377 2641 1513 2688 uliginis
1525 2637 1577 2674 seu
1589 2640 1776 2688 pinguioris
1787 2637 1870 2685 succi
1882 2636 1958 2672 sub-

269 2687 448 2722 ministrari
464 2684 621 2732 lucetnae,
645 2688 681 2720 &
699 2682 940 2730 consequenter
959 2684 1084 2726 facere,
1111 2700 1152 2723 ne
1164 2698 1232 2724 tarn
1252 2688 1320 2724 cito
1339 2687 1450 2724 oleum
1463 2687 1654 2737 exsugatut.
1705 2689 1832 2723 Contra
1841 2690 1954 2721 tamen

270 2736 402 2771 videtur
416 2732 478 2770 esse
489 2734 614 2781 primo,
637 2735 716 2781 quia
731 2732 773 2767 sal
789 2733 957 2780 plussucci
966 2734 1095 2783 exsugit
1108 2736 1229 2784 abipso
1238 2737 1331 2777 oleo,
1358 2738 1459 2785 quam
1477 2736 1588 2773 oleum
1608 2737 1648 2773 ab
1667 2736 1739 2785 ipso
1761 2736 1845 2772 Sale.
1895 2736 1954 2770 Se-

269 2784 380 2820 cund&
390 2808 400 2824 2
426 2783 593 2832 quialit&
604 2782 729 2830 aliquid
738 2781 908 2829 suppedita
923 2806 932 2822 2
957 2787 992 2819 &
1002 2788 1185 2833 pinguioris
1193 2787 1277 2823 succi
1286 2789 1326 2823 ad
1340 2783 1554 2823 nutriendam
1574 2786 1760 2829 flammam,
1782 2783 1866 2820 illud
1879 2795 1954 2820 cer-

273 2831 306 2867 ῑὲ
317 2845 383 2868 ram
393 2846 509 2880 parum
518 2832 596 2868 esset
609 2855 619 2871 ,
645 2841 684 2868 ut
694 2828 899 2878 prosenfibili
911 2831 1054 2869 subsidio
1067 2834 1118 2870 vel
1127 2836 1355 2873 additamento
1367 2835 1561 2872 haberinon
1572 2837 1678 2884 poffit.
1769 2846 1772 2847 ’

366 2885 503 2925 Quaeres
513 2880 656 2917 secundo
671 2893 679 2915 =
702 2881 772 2916 Cur
784 2880 836 2916 Sal
849 2882 882 2914 in
894 2893 1015 2928 prunas
1024 2884 1129 2930 justus
1139 2884 1270 2932 diffiligt
1281 2898 1354 2922 curn
1366 2887 1519 2935 crepitu?
1545 2884 1743 2935 Respondet)
1753 2907 1764 2925 ,
1788 2884 1953 2918 rationem

268 2928 350 2968 effe,
381 2935 458 2976 quia
475 2931 642 2966 tantulum
661 2930 809 2965 humoris
827 2933 861 2970 ὃς
878 2932 974 2969 acris,
989 2934 1079 2979 quod
1098 2934 1194 2974 inest,
1219 2935 1326 2971 calore
1342 2946 1530 2971 attenuatur
1542 2940 1576 2972 δε
1589 2934 1721 2972 rarefit‚
1748 2944 1849 2980 arque
1866 2933 1951 2968 ade&

267 2981 425 3023 maiorem
438 2980 547 3015 locum
560 2981 676 3027 quaerir
685 3002 695 3018 ‚
719 2983 836 3015 &curn
847 2980 973 3026 crepitu
984 2984 1140 3029 erumpit.
1192 2982 1326 3032 Qicdfi
1335 2995 1447 3025 tamen
1458 2988 1575 3035 majori
1587 2988 1656 3035 igni
1665 2985 1829 3032 injiciatur
1843 3006 1854 3022 ,
1879 2994 1951 3018 non

268 3030 430 3077 crepitat,
454 3032 531 3078 quia
544 3041 662 3078 magna
671 3028 790 3066 caloris
800 3030 849 3066 vis
860 3027 1007 3077 superior
1016 3031 1123 3071 statim
1137 3034 1255 3077 vincit.
1304 3031 1324 3033 ⁸
1335 3031 1364 3035 ”’
1398 3032 1401 3035 ”

1882 3144 1948 3181 Pro
