2003 3434
615 183 920 255 Philosophico
933 208 953 221 -
963 184 1156 236 Politica.
1637 204 1737 251 297

55 255 173 341 DE
182 253 301 290 militiae
313 253 474 291 Roniafiae
485 255 659 303 tyronibus
669 257 786 292 author
796 258 841 292 est
850 259 1018 303 Vegetius.
1048 258 1136 304 Equi
1145 256 1245 304 lignei
1251 254 1357 306 hyeme
1360 254 1421 303 sub
1428 255 1508 292 tello
1519 253 1634 301 ,allate
1643 267 1719 303 pone
1725 250 1741 287 -‘

170 305 288 340 bantur
303 309 337 340 in
347 318 466 354 campo.
491 310 590 354 Super
598 306 651 342 hos
653 308 797 352 juniores
804 305 908 355 primii
920 309 1055 341 inermes
1066 330 1077 345 ,
1085 307 1164 341 dum
1174 306 1396 352 consuetudine
1402 307 1599 354 proficerent,
1609 306 1739 341 demum

56 361 181 391 armati
189 356 377 404 cogebantur
386 355 557 402 ascendere,
583 358 654 391 Hoc
662 359 746 390 enim
759 356 881 401 affidua
891 356 1097 391 meditatione
1098 354 1272 402 faciebant
1280 380 1289 394 ,
1298 356 1359 399 scil
1362 360 1425 391 icet
1436 381 1448 399 ‚
1456 359 1537 390 utin
1545 354 1740 390 tumultibu-

59 408 148 454 proela
146 409 162 451 j
166 407 233 448 fine
241 418 327 440 mora
337 405 548 452 ascenderent,
566 409 623 453 qui
629 405 841 451 tamstudmsb
850 406 1077 440 exercebantur
1087 410 1121 440 in
1128 417 1215 453 pace.
1266 407 1352 440 Inter
1363 407 1506 441 coniusae
1517 405 1739 441 multitudinis

61 459 173 490 omnia
184 458 345 490 miscentis
354 457 516 502 strepitum
529 468 598 489 non
610 456 712 502 potest
725 457 835 491 dextre
846 455 957 502 perfici
967 480 978 493 .,
994 457 1085 501 quod
1096 468 1167 489 non
1178 456 1310 502 provide
1321 457 1406 491 inter
1419 458 1503 502 pacis
1522 457 1588 489 otia
1599 453 1737 490 consilio

59 509 94 540 δε
106 507 340 539 exercitatione
359 504 424 539 fuit
434 515 705 551 praeconceptum,
757 507 856 539 Arma
865 505 1049 552 disponere,
1062 504 1195 539 consilia
1207 506 1327 551 agitare
1337 528 1347 544 ‚
1361 516 1526 539 annonam
1537 515 1715 551 congerere
1724 525 1737 541 ι

60 555 196 600 quando
213 557 274 595 jam
286 553 441 589 clafficum
453 553 552 592 sonat,
563 565 632 588 non
644 553 688 589 est
699 552 776 589 belli
787 556 982 589 oeconomia.
1009 554 1101 601 Neq·‚
1122 556 1211 589 enirn
1228 555 1246 587 ὲ
1258 555 1372 589 Martis
1383 554 1489 588 schola
1498 554 1618 600 prodiit
1628 554 1741 600 adagi-

61 616 118 639 um
131 615 221 637 vetus
231 619 242 639 .-
261 605 298 637 In
310 615 408 638 arena
417 605 585 645 confilium.
612 606 649 637 In
659 615 775 650 campo
785 627 796 644 ,
812 605 870 650 qui
880 605 984 638 victor
993 607 1102 639 audire
1109 603 1263 638 desiderat
1272 625 1284 642 ‚
1293 605 1383 638 domi
1392 615 1481 638 arma
1490 604 1622 641 tractet,
1632 603 1743 637 vidro-

60 655 115 688 riae
127 655 233 700 sagum
245 655 280 686 in
293 664 367 698 roga
380 664 543 699 praeparet.
558 653 743 688 Dulcedine
752 655 836 701 pacis
845 653 884 688 sic
893 655 973 700 capi,
983 664 1017 688 ut
1029 665 1071 688 ne
1085 655 1261 700 quidquam
1273 653 1313 687 de
1322 652 1411 688 bello
1421 654 1744 700 cogitetur3grav10·

59 714 148 741 rum,
160 702 258 749 quim
270 703 317 740 ips
322 714 376 735 um
388 701 509 736 bellum
520 705 667 749 parturit,
674 701 893 738 calamitatum
904 703 950 737 est
960 703 1060 741 eausa.
1088 704 1157 745 Qui
1168 704 1257 737 enim
1266 700 1346 736 belli
1356 714 1458 736 onera
1467 704 1643 749 experitur,
1653 701 1743 736 hunc

60 751 222 787 neceslitas
235 752 365 790 excitat,
393 753 458 792 Qui
472 753 556 797 pacis
567 752 739 786 malaceam
752 752 920 786 obsolescit
937 775 947 791 ,
958 752 1125 787 securitate
1137 751 1173 787 fit
1183 754 1320 800 ignavus
1331 774 1342 791 ,
1353 762 1388 786 ur
1399 763 1543 799 pugnare
1551 762 1621 785 non
1635 749 1742 797 poffit,

63 803 200 848 quando
209 799 252 833 est
262 800 488 848 pugnandum.
496 801 577 835 Non
588 801 656 835 vult
666 812 728 847 pax
738 800 797 836 effe
807 801 1063 840 inermis,ensem
1073 804 1156 849 gerit
1164 801 1237 835 olei
1250 800 1436 835 involutum
1448 801 1522 842 ,ista
1531 799 1674 846 depofita
1685 800 1745 834 stat

60 854 125 894 jam
136 852 294 884 succincta
303 851 342 884 ad
355 861 508 897 pugnam,
537 851 658 895 CneJus
669 852 792 885 Marius
801 850 891 885 bello
900 853 1048 899 optimus>
1056 851 1155 885 audiit
1165 873 1175 889 ,
1186 862 1261 896 pace
1271 850 1439 897 pellimus:
1453 852 1529 895 quia
1540 850 1612 884 cum
1622 849 1697 885 effer
1708 850 1746 883 in

64 900 183 946 proelio
195 898 295 945 vigil,
307 901 352 933 ita
365 901 398 933 in
410 911 484 945 pace
495 899 700 935 obdormivit
709 923 719 939 ,
731 899 815 947 quafi
829 911 999 947 nunquam
1011 900 1084 934 esset
1093 901 1130 934 ad
1143 898 1227 934 bella
1237 899 1472 947 evigilandum.
1499 898 1626 934 Primus
1636 901 1748 932 Anto-

63 951 139 983 nius
153 959 220 982 non
239 950 434 992 spernendus
450 949 592 984 Bellonae
603 948 696 984 Alum
704 961 762 983 nus
772 973 781 989 ,
793 951 937 984 viaoriis
950 950 1139 984 clarissimus
1151 961 1159 982 :
1180 959 1211 982 at
1221 951 1265 983 ita
1277 961 1318 983 ex
1332 950 1417 996 pacis
1429 950 1538 995 quiere
1547 950 1695 995 ignavus,
1709 956 1747 981 ut

63 996 251 1032 futurorum
268 1000 445 1032 immemor
456 998 619 1034 bellorum
629 1009 716 1033 arma
726 1001 860 1034 tractare
872 999 991 1034 oblitus
1003 1000 1121 1036 suerit,
1132 999 1209 1045 quia
1218 1001 1252 1032 in
1263 1008 1411 1045 tempore
1419 1009 1488 1032 non
1502 1000 1636 1043 paravit.
1662 1000 1749 1031 Ante

61 1049 302 1092 armamentarij
311 1047 398 1081 fores
409 1059 471 1093 pax
492 1047 630 1095 pervigil
641 1048 806 1087 statuatur,
815 1060 883 1095 quae
893 1060 994 1094 quum
1005 1059 1093 1082 arma
1107 1058 1176 1082 non
1186 1048 1291 1094 capiat
1300 1069 1311 1086 ‚
1322 1048 1495 1082 stattamen
1505 1048 1545 1080 ad
1561 1045 1644 1080 bella
1654 1058 1751 1088 para·

61 1106 112 1134 ta,
125 1096 182 1130 stat
193 1097 312 1130 ordine
323 1099 433 1130 omnis
448 1097 524 1131 belli
534 1107 703 1143 apparatus
722 1108 733 1142 3
755 1099 846 1132 enses
856 1101 890 1132 δε
903 1109 1076 1132 mucrones
1087 1121 1096 1138 ,
1113 1097 1221 1131 loricae
1238 1100 1272 1131 &
1285 1097 1413 1132 caffides
1426 1119 1437 1133 ‚
1447 1105 1609 1130 tormenta
1620 1098 1655 1130 ὃς
1668 1094 1750 1130 belli

61 1145 218 1180 machina·
230 1169 241 1184 ,
255 1148 432 1192 Expec‘iant
441 1146 566 1190 claffica
577 1148 705 1180 Martis
732 1147 823 1186 Esto,
838 1147 872 1181 fit
894 1147 1015 1181 bellum
1030 1148 1142 1180 matrix
1166 1148 1319 1180 omnium
1331 1145 1551 1181 calamitatum
1561 1167 1571 1184 ‚
1585 1146 1750 1179 malorum

65 1195 149 1233 Ilias,
159 1205 328 1229 cruentum
341 1197 476 1241 Trojani
488 1199 562 1242 equi
573 1197 795 1242 puerperium,
805 1197 934 1232 urbium
946 1200 979 1231 &
994 1198 1235 1242 provinciarum
1249 1196 1449 1230 incendiaria
1460 1217 1471 1234 ‚
1484 1194 1619 1241 publicae
1630 1195 1753 1240 quietis

64 1243 276 1278 func-stimma
291 1256 371 1281 nox.
386 1246 537 1280 comunis
548 1244 716 1279 felicitatis
731 1248 948 1293 naufragium,
978 1248 1022 1279 Sir
1034 1258 1094 1290 pax
1108 1244 1253 1279 melioris
1266 1246 1343 1279 Deae
1356 1244 1484 1279 soboles
1499 1243 1610 1282 ,orbis
1623 1243 1753 1289 suspiri-

63 1304 133 1330 um,
142 1296 243 1328 totius
255 1294 431 1328 securitaais
445 1294 568 1340 asylum
578 1318 588 1333 ‚
598 1293 729 1328 urbium
743 1298 776 1328 δέ
789 1307 943 1341 agrorum
959 1295 1064 1329 laeritia
1075 1310 1085 1329 ,·
1111 1305 1148 1327 ut
1162 1307 1220 1327 non
1232 1292 1320 1328 modi)
1331 1297 1370 1339 ij,
1382 1293 1493 1339 quibus
1501 1303 1621 1326 natura
1630 1294 1756 1338 sensum

63 1341 163 1381 dedit,
175 1342 229 1381 scd
235 1347 334 1377 etiam
344 1345 425 1377 teila
434 1344 500 1392 atq}
509 1346 583 1391 agri
595 1346 694 1378 letari
704 1346 890 1378 videantur.
901 1355 937 1378 ut
947 1347 1136 1388 &Adajores
1147 1343 1253 1385 nostri,
1264 1344 1495 1388 &fortisfimus
1505 1345 1608 1391 quisqv
1617 1347 1672 1377 vir
1680 1353 1755 1385 nm-v
1767 1340 1774 1344 ’

62 1394 169 1426 ximos
177 1392 298 1427 labores
306 1396 519 1438 suscipiendos
525 1402 630 1439 putet,
641 1403 678 1426 ut
690 1395 865 1440 aliquando
874 1398 907 1428 in
920 1407 980 1429 otto
991 1396 1044 1439 effi
1052 1393 1139 1440 poffit
1166 1395 1212 1427 lta
1222 1405 1332 1427 tamen
1345 1396 1430 1440 pacis
1445 1394 1545 1427 studia
1555 1394 1627 1426 lunt
1638 1394 1756 1427 colen-

63 1442 116 1480 da,
128 1453 162 1476 ur
171 1444 205 1476 in
215 1444 286 1476 otio
299 1454 368 1475 non
380 1444 485 1476 otiose
496 1445 634 1481 vivatur,
647 1444 680 1475 in
697 1454 773 1488 pace
787 1443 874 1477 bella
887 1446 1082 1490 cogitentur,
1111 1447 1198 1477 unde
1211 1444 1321 1477 eadem
1332 1466 1342 1482 ,
1353 1454 1421 1487 quae
1431 1443 1580 1476 Miverva
1592 1441 1648 1479 est,
1659 1439 1756 1475 timul

66 1490 237 1525 Bellonam
249 1493 324 1538 agit,
338 1490 378 1525 fic
389 1493 423 1524 in
433 1494 542 1538 quiete
551 1493 669 1528 secura,
682 1503 716 1526 ur
726 1491 868 1528 securam
881 1493 910 1526 se
922 1498 1089 1538 nunqnam
1100 1494 1211 1526 eredat
1222 1502 1233 1536 ;
1245 1491 1285 1525 fic
1297 1492 1421 1538 semper
1433 1502 1563 1529 armata,
1574 1490 1660 1536 quasi
1672 1489 1755 1525 sem-

63 1552 121 1587 per
133 1542 271 1575 timeret.
297 1544 534 1576 Nemocelerius
545 1543 744 1588 opprimitur,
757 1543 855 1587 quitm
867 1546 924 1588 qm
933 1543 1125 1576 »mammen
1154 1542 1337 1576 Antiochus
1349 1540 1463 1586 Ephesi
1477 1543 1602 1574 securus
1612 1541 1701 1579 adria.
1713 1540 1757 1574 de

6 1623 11 1625 ,
64 1589 156 1624 bello
170 1591 326 1624 Romano
335 1602 576 1637 erat,tanquatn
594 1602 661 1624 non
672 1591 849 1625 transituris
861 1596 894 1625 in
909 1591 1011 1625 Aliam
1027 1593 1191 1625 Romanis
1202 1613 1212 1629 ‚
1227 1592 1392 1624 securitate
1402 1588 1442 1623 ab
1456 1592 1566 1624 amicis
1578 1592 1611 1621 &
1621 1587 1765 1622 assenta-

66 1638 193 1674 toribus
204 1639 284 1673 saQa
295 1640 425 1678 ,didicit
435 1663 444 1677 ‚
460 1640 557 1686 quam
571 1639 607 1674 fit
618 1641 836 1686 perniciosum
857 1642 891 1674 in
905 1653 980 1686 pace
991 1644 1101 1679 otiari,
1113 1639 1178 1673 fine
1190 1642 1288 1673 armis
1300 1641 1391 1673 dorni
1402 1640 1522 1673 vivere.
1550 1638 1582 1671 Si
1594 1638 1760 1677 rimuillet‚

70 1698 141 1722 non
150 1688 315 1724 timuisser.
332 1689 412 1722 Non
425 1689 470 1723 est
480 1691 595 1723 artium
607 1691 731 1729 infima,
744 1689 826 1723 scite
838 1693 944 1729 otiari,
972 1692 1055 1724 Tora
1069 1691 1195 1735 Licurgi
1209 1688 1316 1735 legum
1327 1688 1500 1733 descriptio
1511 1687 1550 1721 ad
1562 1698 1659 1721 unam
1672 1685 1761 1722 mili-

68 1739 160 1772 tandi
170 1748 270 1773 artem
282 1737 491 1773 referebatur.
504 1740 542 1773 Et
552 1739 626 1773 salvi
635 1740 768 1780 quidem
779 1750 869 1773 erant
881 1738 1005 1772 bellurn
1016 1749 1164 1785 gerentes
1175 1748 1194 1776 :—
1203 1735 1381 1771 interibant
1393 1748 1499 1771 aurern
1515 1737 1620 1771 otium
1632 1736 1755 1782 adepti,

66 1789 146 1833 quia
155 1788 252 1821 ‘otiari
264 1790 298 1822 &
311 1788 474 1835 quiescere
483 1787 681 1832 nesciebant,
691 1786 731 1821 fic
742 1785 852 1830 securi,
864 1785 949 1834 quasi
961 1789 1099 1832 amplius
1112 1798 1179 1820 non
1193 1788 1380 1833 pugnaturi.
1392 1786 1454 1819 Pax
1465 1788 1530 1831 ipla
1541 1795 1653 1819 contra
1663 1785 1694 1819 se
1703 1794 1758 1819 ar-

70 1836 191 1870 manda
201 1836 260 1874 est,
271 1837 337 1871 fine
347 1839 446 1872 armis
456 1837 589 1883 seipsam
599 1832 773 1883 expugnat,
785 1839 859 1882 quia
870 1839 1013 1870 vicinum
1025 1838 1058 1869 in
1070 1837 1099 1870 se
1107 1845 1192 1869 amat
1201 1846 1211 1866 ε
1225 1846 1326 1869 nemo
1336 1836 1427 1869 enim
1440 1834 1595 1868 libentius
1606 1832 1690 1868 bella
1700 1845 1757 1882 ge.

68 1888 121 1922 rit,
133 1888 231 1930 quam
243 1895 355 1920 contra
365 1888 538 1920 inermem.
555 1887 697 1932 Oportet
709 1887 842 1931 quidem
856 1888 958 1932 magis
968 1888 1088 1931 agitare
1102 1895 1228 1930 pacem,
1238 1895 1307 1930 atq;
1321 1885 1417 1917 otiati
1431 1881 1539 1929 posse:
1554 1883 1605 1918 sed
1614 1893 1759 1930 oportet,

70 1938 106 1969 &
117 1934 201 1968 bella
213 1946 325 1981 gerere
336 1935 432 1981 poile,
443 1946 511 1981 atq3
522 1936 606 1968 inter
616 1937 680 1968 otia
690 1936 814 1968 nutrite
824 1937 955 1981 negotia
966 1945 977 1979 3
996 1944 1165 1980 nunquam
1183 1932 1244 1968 effe
1253 1933 1318 1967 sine
1331 1933 1434 1971 ferro,
1444 1931 1545 1966 finon
1554 1933 1714 1972 extradlo,
1725 1942 1757 1967 at

68 1984 179 2019 saltem
194 1986 229 2017 in
241 1987 367 2032 vagina.
388 1984 575 2019 Praedicatur
588 1984 718 2025 Traiani
729 1984 914 2017 moderatio
928 2007 938 2023 ,
949 1984 1036 2030 quod
1048 1983 1225 2017 innutritus
1238 1981 1363 2018 bellicis
1374 1981 1570 2017 tumultibus
1581 2006 1590 2020 ,
1603 1994 1714 2028 pacem
1723 1994 1760 2016 a-

68 2032 200 2074 maha-13
218 2032 259 2067 sie
270 2036 406 2068 miscens
416 2032 632 2071 otiobellum‚
641 2041 676 2067 ut
686 2045 855 2078 nunquam
867 2035 975 2067 minus
984 2035 1120 2071 otiosus,
1132 2032 1230 2078 quim
1245 2031 1318 2066 cum
1331 2029 1467 2069 otiosus.
1476 2034 1551 2078 quia
1562 2030 1688 2078 semper
1699 2044 1760 2066 ne-

67 2083 227 2130 gotiosus.
237 2083 323 2118 Crirn
340 2084 427 2117 enim
437 2093 532 2130 turpe
544 2081 591 2121 fit,
603 2093 671 2116 non
682 2081 769 2128 polle
778 2084 875 2116 armis
888 2084 933 2116 uti
946 2096 954 2123 3
966 2094 1035 2116 tum
1046 2081 1151 2116 multo
1163 2083 1274 2128 tupius
1287 2080 1345 2121 est,
1360 2079 1466 2115 otiosa
1477 2081 1541 2116 vita
1551 2081 1596 2114 n6
1608 2078 1693 2127 posse
1703 2082 1761 2116 uti.

66 2134 149 2168 Non
159 2144 265 2167 autem
280 2133 352 2167 ulus
363 2131 407 2167 est
416 2134 498 2174 otio,
513 2133 569 2179 qui
580 2130 636 2166 usu
649 2131 858 2166 brachiorum
869 2143 965 2171 caret,
975 2130 1026 2166 sed
1036 2134 1092 2178 qui
1112 2143 1169 2177 per
1179 2133 1283 2165 orium
1298 2142 1386 2164 arma
1397 2140 1511 2177 parat,
1521 2141 1600 2166 urea
1610 2142 1690 2165 mov
1698 2141 1760 2171 eat.

71 2182 208 2229 quando
219 2181 264 2216 est
275 2181 345 2216 usus
356 2181 559 2216 necessarius.
579 2181 666 2216 Cum
679 2180 865 2215 Alexandro
881 2179 919 2215 fic
937 2183 1045 2228 quiere
1057 2180 1214 2215 utendum
1228 2179 1273 2214 est
1282 2204 1291 2220 ‚
1305 2191 1340 2214 ut
1351 2179 1469 2227 globus
1480 2181 1604 2225 semper
1616 2180 1691 2214 vola
1703 2193 1761 2228 ge-

70 2233 172 2267 stetur
182 2243 190 2269 ε
199 2232 313 2266 excitat
325 2231 441 2266 hostile
453 2241 645 2278 tympanum
655 2230 672 2271 2
682 2231 723 2265 sta
733 2232 797 2265 lem
804 2242 859 2274 per
872 2232 911 2264 ad
922 2242 1009 2265 arma
1020 2240 1159 2275 paratuS.
1168 2232 1350 2276 Nunquam
1360 2231 1535 2275 Imperator
1544 2231 1636 2265 bonus
1644 2233 1693 2264 ita
1702 2241 1764 2276 pa·

76 2284 109 2315 ci
120 2280 232 2321 eradit,
243 2291 280 2315 ut
289 2293 348 2314 non
354 2284 387 2326 [ὲ
393 2291 542 2328 preparet
552 2279 624 2315 bello
632 2293 648 2322 ‚·
667 2282 751 2328 quod
759 2281 886 2324 etiamsi
891 2292 949 2313 non
954 2283 1092 2328 geritur,
1103 2279 1264 2313 inditium
1271 2278 1323 2322 est.
1351 2279 1536 2315 Henricum
1552 2282 1608 2314 IV.
1622 2279 1762 2313 Gallotfi

74 2331 217 2378 Regem,
227 2342 304 2376 pace
313 2343 386 2365 cum
400 2333 554 2378 Hispanis
564 2332 644 2369 asta,
654 2322 742 2364 irelut
753 2334 786 2364 iu
799 2330 888 2365 bello
897 2341 1055 2364 armatum
1069 2329 1247 2375 perstitisle,
1257 2329 1436 2374 Scriptores
1446 2338 1644 2364 memorant.
1694 2329 1763 2371 Qui

69 2383 160 2415 enim
173 2382 294 2415 amicus
303 2381 348 2415 est
358 2378 479 2419 factus,
493 2377 563 2415 fieri
575 2378 678 2427 potest
689 2381 852 2420 inimicus,
868 2378 940 2414 curn
951 2381 1014 2424 jan·
1029 2377 1130 2413 fuerit
1142 2377 1225 2413 talis.
1236 2376 1451 2412 Amiciffimus
1461 2381 1517 2424 qui
1528 2379 1572 2412 est
1588 2402 1597 2416 ‚
1612 2378 1765 2412 fimulare

70 2430 105 2464 se
118 2428 242 2476 potest;
268 2431 324 2476 qui
338 2429 570 2464 securiffimum
580 2428 652 2464 cum
665 2439 695 2464 te
706 2430 804 2466 videt,
818 2430 1016 2475 aggreditur,
1027 2430 1102 2473 quia
1114 2430 1286 2462 inermem.
1306 2429 1378 2461 Bias
1388 2430 1561 2463 Graecorum
1571 2426 1768 2474 sapientrffi-

69 2492 140 2514 mus
155 2477 263 2524 ajebat
272 2502 281 2516 ,
292 2479 430 2514 homines
443 2482 476 2512 in
484 2480 543 2524 usia
551 2480 699 2514 amicitiae
711 2481 761 2512 ‚fta
773 2481 897 2524 versari
906 2476 1021 2517 debere,
1035 2487 1072 2511 ut
1083 2478 1295 2523 memim'ffint
1304 2488 1377 2511 eam
1388 2476 1434 2511 ad
1437 2478 1642 2525 gravnffimac
1649 2479 1748 2511 inimi
1751 2482 1769 2504 -'

69 2531 163 2562 citius
171 2530 245 2574 poffl
254 2532 407 2567 converti,
438 2528 622 2563 Laudabilis
637 2528 682 2561 est
691 2528 872 2563 diffidentia
889 2526 1121 2572 suspicionibus
1135 2528 1259 2569 semper
1275 2529 1390 2574 agitata
1403 2549 1414 2564 ,
1437 2539 1506 2572 quae
1519 2531 1662 2562 vicinum
1677 2525 1766 2571 polle

69 2578 141 2613 fieti
151 2582 308 2616 aversum,
318 2577 498 2622 suspicatur,
514 2575 569 2618 Εθ
580 2587 690 2611 autem
696 2576 989 2623 frequenttffimum
1001 2579 1141 2611 exitium
1150 2577 1350 2612 calamitatis
1356 2576 1488 2622 futuam,
1497 2579 1662 2622 securitas,
1674 2576 1765 2610 Tuui

72 2631 103 2662 ie
116 2627 194 2660 stare
205 2626 344 2660 credidit
357 2626 595 2662 Constantinus
605 2628 655 2665 Μ.
681 2630 755 2673 quia
768 2639 845 2672 pace
860 2637 930 2660 toto
941 2629 1084 2673 lmperio
1094 2628 1263 2661 constitura
1279 2649 1289 2665 ,
1301 2627 1406 2661 milite
1419 2626 1610 2672 praesidiario
1626 2625 1767 2659 urbibus

73 2675 200 2711 dimissa
212 2686 224 2722 ς
236 2688 311 2720 neq,
322 2678 433 2714 arrhis,
443 2687 519 2723 neq,
532 2676 664 2710 annona
676 2677 808 2723 provilae
820 2674 917 2711 urbes
929 2687 1008 2710 mox
1021 2677 1054 2709 in
1069 2673 1215 2710 miseram
1228 2676 1380 2711 transiere
1390 2675 1585 2711 servitutem.
1596 2675 1768 2725 Qamdiu

73 2727 205 2761 invidiae
214 2748 224 2764 ,
234 2724 337 2772 odiiq;
352 2726 465 2769 scopus
477 2725 547 2759 sunt
559 2737 658 2771 regna
670 2727 834 2773 &sceptra
861 2725 953 2766 (sunt
963 2735 1069 2759 autem
1084 2726 1236 2773 semper)
1257 2725 1312 2761 luo
1322 2724 1395 2761 sunt
1407 2724 1553 2771 praefidio
1564 2724 1742 2758 munienda
1757 2733 1772 2770 3

74 2775 150 2821 quia
160 2773 251 2809 facile
264 2775 394 2808 invidiae
404 2775 535 2809 flamma
547 2775 734 2814 exardescit,
746 2786 817 2823 quae
833 2774 956 2809 tantum
973 2774 1028 2809 (ub
1040 2775 1149 2810 cinere
1159 2774 1287 2810 delituit
1296 2799 1306 2814 .
1320 2785 1490 2821 nunquam
1502 2773 1598 2820 plene
1611 2775 1770 2809 extincta.

75 2825 108 2858 Si
121 2825 227 2870 priora
240 2823 347 2858 saecula
358 2834 492 2869 repetas,
508 2826 656 2859 invenies
666 2826 842 2872 Agrippam
857 2845 868 2863 ‚
881 2826 915 2858 in
927 2823 1014 2859 suma
1029 2836 1104 2868 pace
1118 2822 1189 2859 cuin
1200 2836 1320 2872 ageret,
1332 2834 1444 2858 muros
1461 2824 1600 2858 civitatis
1609 2834 1703 2858 antea
1715 2824 1770 2858 di-

75 2883 170 2908 rutos
180 2872 372 2912 instaurasse,
403 2874 604 2908 Recentiora
616 2884 765 2913 tempora
779 2873 798 2907 Γι
811 2872 960 2913 resolvas,
971 2872 1097 2909 videbis
1109 2874 1256 2910 Sereniss,
1269 2873 1441 2908 Albertum
1453 2870 1613 2908 Brbantiae
1626 2873 1771 2913 Ducem,

77 2925 136 2969 qui
148 2923 247 2967 paffls
258 2935 330 2956 cum
343 2922 432 2956 hoste
445 2924 593 2962 induciis,
602 2923 696 2958 urbes
710 2920 818 2958 hostili
830 2934 909 2969 agro
920 2924 1111 2967 adJaeentes,
1120 2924 1220 2970 quim
1234 2920 1447 2958 munitiffimo
1457 2920 1597 2957 firmavit
1610 2917 1769 2968 praefidio„

75 2971 207 3006 Austria
222 2973 434 3007 Ottomannae
446 2974 542 3006 Lunae
552 2976 756 3007 contermina
769 2995 778 3011 ‚
789 2973 823 3007 δε
835 2972 879 3007 ob
888 2972 1093 3019 imperialem
1105 2972 1228 3020 pileum
1240 2972 1353 3007 alienae
1363 2971 1492 3006 invidiae
1501 2981 1587 3006 meta
1598 2981 1770 3015 nunquam

80 3021 175 3054 statea
186 3021 221 3054 in
237 3032 313 3067 pace
326 3022 444 3055 secura.
459 3020 542 3055 Illud
557 3021 776 3056 Maximiliani
788 3023 812 3057 1.
831 3021 981 3057 Austriaci
999 3023 1229 3057 Romanorum
1245 3021 1456 3066 Imperatoris
1468 3018 1631 3056 familiare
1642 3019 1770 3057 habeat:

77 3073 205 3116 Semper
216 3082 288 3105 eum
298 3074 453 3105 cautiones
464 3071 645 3117 Nunquam
654 3071 825 3117 enim-fimi:
832 3074 965 3109 caveris.
977 3071 1101 3108 dicebar
1111 3071 1279 3107 Comicus.
1294 3070 1423 3106 Contra
1432 3070 1563 3105 inimica
1573 3068 1772 3108 insidiatorfi,

80 3132 119 3154 ac
131 3119 377 3167 foedisragorum
387 3119 464 3156 tela.
473 3120 530 3153 hoc
537 3121 815 3169 scutofi'maxim&
823 3131 933 3156 tutum
942 3120 1048 3156 reddit
1059 3123 1209 3168 Princeps
1219 3131 1231 3152 .·
1241 3119 1325 3155 nihil
1332 3118 1492 3157 credendo,
1501 3123 1610 3155 omnia
1620 3116 1774 3157 cavendo.

83 3170 178 3205 Pacis
189 3179 338 3215 tempore
349 3181 440 3203 arma
456 3181 556 3217 gerat,
570 3169 672 3204 sutura
683 3171 862 3218 provideat,
875 3170 1013 3210 militen]
1027 3171 1180 3207 sustineat
1190 3169 1336 3209 nustria:
1354 3180 1424 3206 rum
1436 3170 1587 3217 equidem
1601 3171 1626 3203 Α
1638 3169 1669 3201 D
1683 3166 1773 3204 S1T·

88 3219 150 3266 qui
160 3219 341 3267 impugnet,
354 3218 480 3255 Austro
489 3218 603 3255 Adhuc
615 3218 693 3260 Stat.
1182 3218 1208 3256 ,Ρ
1219 3229 1242 3268 p
1588 3217 1646 3255 ΙΝ
1659 3217 1691 3253 D
1702 3216 1727 3253 Ε
1738 3213 1772 3249 X
