2060 3444
296 136 394 192 '188
928 129 1298 198 Meteorologm
1948 194 1952 199 Ι

367 211 556 250 ‘Conclufio
569 211 667 247 sexta.
692 211 886 246 Perennium
899 210 1058 253 fontium,
1071 214 1314 258 fluviorumque
1327 210 1501 259 praesertim
1512 212 1673 255 maiorum
1685 210 1849 259 originem
1861 203 1970 264 emar-i

305 261 376 302 effe.
403 265 531 299 Nititur
544 263 608 295 haec
619 258 748 294 assertio
763 261 847 295 hisce
856 261 1054 306 potissimum
1068 264 1282 311 argumentis.
1334 260 1457 299 Primo,
1471 262 1547 307 quia
1561 260 1756 294 incredibile
1770 261 1911 293 omnino
1921 268 1972 290 vi-

307 312 416 352 detur,
428 311 463 346 ut
475 315 507 345 in
519 310 620 356 priori
633 308 852 343 Conclufione
865 308 1065 347 infinuatum
1091 336 1102 352 ‚
1136 310 1264 346 tantum
1274 322 1365 356 aquae
1378 322 1417 344 ex
1427 308 1602 354 vaporibus
1616 311 1650 341 ὃ(
1664 312 1734 342 aere
1747 310 1883 342 interra:
1901 304 1973 338 finu
1997 357 1999 360 Α

292 363 465 406 generari,
474 370 529 393 aut
541 370 581 391 cx
589 358 735 394 deciduis
747 357 906 393 imbribus
913 360 1073 405 profluere
1084 384 1094 400 ,
1116 371 1153 395 ur
1163 360 1203 394 ad
1215 371 1279 393 ram
1290 360 1606 407 magnum'fontanae
1619 359 1651 391 δε
1666 357 1806 390 fluvialis
1815 367 1905 402 aquae
1918 355 1974 387 de-

304 408 431 443 fluxum
443 431 454 447 ‚
473 411 507 442 &
529 406 569 440 ad
588 416 638 440 tot
651 406 859 454 scaturigines
868 407 1035 455 replendas
1049 408 1200 446 sufficiat.
1235 408 1484 454 Secundo,·quia
1493 406 1645 453 alioquin
1657 404 1748 439 nulla
1757 405 1969 451 affignaretut

304 455 395 492 causa
405 454 581 495 sufficiens,
589 466 646 489 cur
655 468 695 489 ex
704 467 860 502 perpetuo
875 456 1053 492 fluviorum
1066 457 1187 493 accessu
1198 469 1284 490 mare
1298 469 1363 490 non
1380 456 1588 490 redundaret.
1640 454 1822 498 Qomodo
1831 463 1967 510 mgna}

305 505 402 540 multi
419 517 533 539 amnes
550 499 590 539 eit
607 503 752 543 Perside,
775 517 815 539 ex
835 506 982 540 Tartaria
994 510 1038 542 ·&
1053 506 1220 541 Moscovia
1239 508 1413 539 decurrant
1426 508 1459 539 in
1474 517 1561 538 mare
1575 503 1756 549 Caspium3
1782 513 1815 535 ac
1827 504 1969 535 maxime

306 555 401 600 Volga
413 553 547 592 fluvius,
562 556 620 599 qui
631 564 668 588 ut
680 552 789 588 ictibit
800 555 832 590 Ρ.
845 556 1057 590 Fornariusin
1078 554 1341 602 Hydrographia‚
1352 555 1553 601 septuaginta
1569 552 1700 586 duobus
1712 549 1967 607 vitiisinipsurn

309 602 564 649 mare'Calpium
576 601 775 641 devolvitur,
789 614 845 636 nec
855 609 963 638 tamen
975 616 1124 651 appareat
1135 604 1238 638 ullum
1251 604 1328 637 inde
1340 607 1481 650 accipere
1493 605 1748 637 incrementum.
1773 601 1970 646 Idemque'in

309 651 620 690 mediterraneo,·&
637 654 672 685 in
690 653 828 686 Oceano
847 662 903 698 per
920 657 1168 700 proportionem
1191 652 1551 697 videmuscontingere.
1581 647 1828 694 Qiare'neceffe
1842 648 1969 695 est,‘per

305 710 434 734 meatus
443 699 668 735 subterraneos
678 699 825 733 diffluere
836 703 903 735 vim
912 701 967 736 5115
979 714 1135 750 aquarum
1147 726 1157 742 ,
1175 714 1246 748 quae
1258 700 1525 747 perpetuaveluti
1537 698 1752 734 emulatione
1763 699 1871 731 redeat
1881 699 1920 730 ad
1934 707 1972 731 ea

299 748 429 788 loca,in
441 748 563 795 quibus
572 749 672 796 vulgo
687 750 975 794 deprehenduntur
986 752 1163 792 fluviorum
1173 763 1208 784 ac
1223 748 1365 785 fontium
1378 750 1602 796 scaturigine&
1613 748 1717 787 Adde,
1726 747 1816 794 quod
1828 754 1970 794 quatuor

303 797 360 831 illa
381 797 664 844 paradififlumina
677 810 744 831 nou
770 801 941 844 potuerint
957 812 997 833 ex
1015 800 1202 848 vaporibus,
1222 810 1278 833 aut
1292 812 1332 833 ex
1341 798 1459 846 pluviis
1471 800 1573 844 gigni,
1583 800 1659 844 quia
1669 807 1849 843 eruperunt
1861 793 1970 829 subite

304 847 526 893 adimperium
541 848 627 892 Dei3
656 858 764 893 neque
776 847 842 880 ulla
854 850 1061 884 commod'or
1071 851 1123 884 via
1140 847 1283 896 suppetit
1299 849 1337 881 ad
1346 848 1571 895 explicandam
1588 848 1764 881 fluminum
1782 847 1973 893 originem,

303 895 404 942 quam
415 894 436 929 fi
446 896 601 936 dicamus,
611 894 769 943 perfossos
777 894 837 929 effe
849 896 866 930 ὲ
878 898 969 931 DEO
980 899 1104 932 canales
1115 901 1148 932 in
1167 909 1251 932 terra
1262 899 1313 931 die
1323 896 1427 937 tertia,
1439 909 1494 943 per
1506 908 1589 941 quos
1604 908 1687 942 aqua
1698 896 1861 929 derivetur
1873 893 1891 927 a
1900 901 1973 930 ma..

302 947 332 978 ri
342 944 652 980 ad'ora'fluminum.
677 944 777 989 Qod
791 945 894 990 ipsum
909 950 942 980 &
955 948 1071 981 divinae
1081 948 1194 981 litterae
1207 957 1271 992 cap.
1284 947 1363 983 Eccl.
1381 958 1408 984 1.
1425 958 1492 980 non
1503 944 1639 978 oblcure
1649 946 1767 978 docent
1778 944 1840 977 illis
1851 941 1972 980 verbis:

301 995 402 1027 omnia
408 993 546 1038 flamma
554 999 670 1028 intrant
675 996 706 1027 i»
713 1003 811 1033 mare,
825 993 863 1029 (ῥ’
871 1007 958 1029 mare
967 1006 1021 1029 non
1028 996 1193 1044 redunda13
1201 996 1241 1029 ad
1248 997 1344 1030 locum
1351 995 1428 1030 unde
1440 995 1921 1040 exeuntfluminaffevertuntur,
1928 1000 1969 1027 ‘ut

301 1050 414 1082 mrum
421 1043 541 1088 fluan't.
1369 1082 1371 1085 .

392 1091 563 1138 ‘Oppones
576 1096 694 1126 'tamen
712 1105 825 1128 contra
850 1091 970 1139 primo.
1025 1095 1120 1140 'Aqua
1142 1091 1286 1128 fontium
1308 1097 1343 1128 &
1364 1093 1542 1128 fluviorum
1560 1090 1664 1126 dulcis
1690 1091 1735 1125 est
1764 1114 1774 1131 ‚
1808 1090 1891 1125 vcum
1918 1100 1968 1124 ta·

298 1146 378 1174 'men
388 1153 428 1174 ex
441 1142 521 1174 mari
533 1152 602 1173 non
614 1152 783 1186 promanet
794 1142 857 1178 ulla
874 1140 934 1175 nisi
952 1141 1027 1175 lalia
1042 1165 1051 1180 ,
1069 1143 1155 1176 unde
1165 1155 1203 1176 ex
1217 1145 1294 1177 mari
1313 1155 1382 1176 non
1402 1143 1577 1178 derivatur.
1606 1141 1804 1186 Respondeo
1815 1163 1825 1179 ‚
1846 1139 1921 1174 ideo
1932 1151 1972 1172 a-

299 1201 399 1236 quam
413 1188 557 1223 fluminis
567 1187 694 1224 dulcem
707 1189 768 1225 effe
780 1215 789 1230 ‚
812 1193 961 1240 quamvis
973 1190 989 1224 ὲ
999 1193 1078 1225 mari
1093 1192 1260 1226 derivetur
1270 1215 1279 1230 ‚
1302 1194 1378 1239 quia
1391 1203 1448 1238 per
1470 1202 1564 1224 terrae
1580 1193 1718 1224 venas&
1730 1188 1825 1224 fibras
1837 1213 1848 1229 ‚
1872 1188 1968 1236 perq3

298 1236 465 1272 anfraetus
481 1236 678 1284 multiplices
691 1240 857 1275 verberata
876 1241 912 1274 ’δε
924 1239 1065 1287 eliquata
1076 1240 1290 1275 transcolatur
1303 1265 1313 1281 ‚
1341 1244 1376 1275 &
1392 1239 1644 1274 amaritudinem
1659 1239 1807 1285 deponit.
1835 1239 1902 1272 Cui
1918 1242 1966 1271 rei

296 1298 366 1320 non
379 1298 493 1333 parum
503 1288 599 1320 etiam
614 1287 745 1323 confert
756 1292 936 1337 visignium
949 1288 1328 1328 subterraneorum,nam
1341 1291 1460 1323 horum
1473 1287 1631 1322 beneficio
1640 1298 1842 1326 attenuatur,
1859 1288 1968 1333 exipi-

297 1335 442 1382 r‘antque
453 1334 523 1369 salis
534 1335 663 1380 spiritus
673 1337 721 1372 illi
730 1339 882 1376 admixti.
909 1339 996 1372 Sicut
1009 1337 1030 1372 fi
1041 1340 1076 1373 in
1087 1338 1249 1374 alembico
1263 1339 1370 1373 calore
1381 1339 1552 1373 moderato
1564 1336 1737 1371 distilletur
1758 1349 1844 1384 aqua
1855 1337 1967 1376 maris,

302 1385 412 1419 evadit
420 1383 537 1421 dulcis.
560 1426 563 1429 Ι
1934 1425 1937 1429 y

392 1434 552 1480 Oppones
564 1432 717 1476 secunde,
736 1430 825 1484 quod
840 1438 901 1473 hoc
913 1429 1012 1472 modo
1027 1450 1094 1472 non
1104 1437 1267 1476 videatur,
1278 1436 1482 1483 quitatione
1495 1448 1580 1482 aqua.
1591 1435 1705 1482 suopte
1716 1437 1851 1482 ingenio
1859 1435 1967 1480 gravis

291 1479 565 1528 ¹pollitalcend:re
580 1482 596 1515 ὲ
605 1487 685 1517 mari
698 1492 730 1520 in
744 1487 911 1522 altiffimos
921 1498 1063 1524 montes,
1075 1486 1092 1520 ὲ
1103 1486 1225 1533 quibus
1236 1498 1302 1519 tam
1314 1484 1416 1520 multa
1426 1485 1566 1520 flumina
1579 1496 1773 1532 erumpunt,
1811 1486 1964 1530 Relpon-

295 1531 370 1570 deo,
382 1529 506 1564 causam
520 1529 615 1576 hujus
628 1532 774 1571 ascensus
789 1536 874 1582 posse
889 1535 949 1571 effe
959 1537 1066 1582 primo
1078 1539 1167 1583 ignes
1181 1535 1417 1575 subterraneos,
1428 1534 1547 1581 quibus
1560 1546 1645 1581 aqua
1655 1545 1830 1581 vaporatur
1840 1530 1964 1567 sursum

295 1581 335 1612 ad
347 1587 438 1613 terrae
451 1579 665 1625 superficiem.
678 1595 734 1629 per
747 1584 998 1627 cujus'naturale
1011 1584 1113 1631 frigus
1125 1583 1438 1622 addensatastterum
1452 1588 1486 1617 in
1506 1584 1719 1618 terram'redit
1732 1607 1740 1621 ,
1773 1581 1962 1616 ficut.vide-

295 1639 368 1662 mus
382 1627 604 1662 inalembicis.
633 1631 817 1679 Undesaep&
834 1633 1000 1680 aquileges
1014 1633 1107 1680 supra
1118 1636 1223 1679 capita
1236 1630 1384 1667 fontium
1398 1632 1480 1666 nihil
1491 1634 1667 1666 inveniunt
1678 1631 1737 1666 nisi
1756 1631 1900 1665 roscidos
1914 1631 1961 1664 la-

294 1676 397 1722 pides‚
407 1680 440 1711 &
452 1687 568 1710 terram
580 1678 810 1719 humetitatam.
842 1685 928 1717 Hinc
941 1684 1068 1728 lignum
1079 1683 1176 1715 etiam
1188 1694 1275 1715 venae
1287 1681 1419 1716 latentis
1428 1679 1515 1720 est‚'fi
1526 1680 1620 1714 mane
1630 1693 1791 1728 ‘vaporem
1802 1680 1962 1714 tenueme

293 1737 378 1758 terra
391 1724 552 1759 sublatum
568 1727 686 1766 videas,
698 1742 731 1763 ut
744 1732 840 1764 tradit
852 1733 1022 1765 Vitruvius
1035 1730 1092 1767 lib.
1104 1731 1135 1766 8.
1155 1741 1180 1767 c.
1192 1740 1213 1763 1.
1246 1731 1284 1764 Et
1298 1730 1364 1765 baec
1372 1732 1469 1763 etiam
1482 1732 1603 1776 poterit
1613 1728 1675 1764 effe
1683 1731 1839 1767 ratio‚cur
1850 1727 1962 1763 hibet-

291 1786 338 1806 no
348 1785 495 1818 ternpore
507 1773 762 1812 abundantiores
774 1778 833 1814 (int
843 1792 932 1827 aquae
943 1778 1097 1816 fontium.
1107 1780 1184 1824 quia
1194 1776 1312 1813 scilicet
1322 1778 1430 1824 plures
1441 1780 1474 1812 in
1487 1789 1578 1812 terrae
1593 1776 1769 1812 visceribus
1781 1777 1962 1812 includun-

293 1833 346 1856 tur
359 1821 660 1868 lpiritus‚,a'quibus
669 1830 821 1871 vaporari
839 1828 931 1874 poffit
946 1835 1044 1872 aqua.
1096 1829 1191 1861 Hanc
1208 1827 1251 1861 ob
1273 1827 1397 1860 causam
1421 1829 1522 1874 igitur
1540 1826 1706 1862 abundare
1716 1838 1845 1860 montes
1857 1825 1961 1860 solent

291 1869 455 1908 tontibus,
467 1872 544 1916 quia
555 1874 646 1918 ignes
660 1873 852 1922 plerumque
863 1876 984 1910 babent
997 1874 1191 1920 suppofitos.
1232 1876 1396 1915 Secundo,
1411 1878 1502 1909 caula
1514 1875 1576 1910 effe
1586 1874 1703 1922 potest,
1721 1874 1815 1920 quod
1827 1887 1910 1921 aqua
1919 1880 1960 1909 e‘x

291 1922 373 1953 mari
385 1921 420 1953 in
437 1919 563 1953 canales
583 1919 733 1956 iu‘bterra
740 1937 818 1959 neos
826 1923 974 1972 profusa,
988 1935 1081 1958 tanto
1091 1924 1234 1970 pondere
1243 1924 1465 1958 'incumbentis
1475 1923 1573 1971 ipsius
1584 1926 1682 1959 maris
1690 1935 1894 1971 urgeatur,ut
1903 1936 1960 1959 co·

287 1979 382 2016 gatur
391 1965 498 2002 efferri
510 1966 597 2002 sursu
604 1978 649 2006 ru.
827 1999 844 2013 ,
1616 2014 1618 2017 v
1924 2013 1927 2017 ,

371 2016 489 2064 Neque
498 2017 595 2055 dicas,
608 2019 807 2065 (uper-iorem
816 2033 933 2067 aquam
944 2029 1015 2055 *non
1028 2021 1173 2067 premere
1183 2028 1298 2056 contra
1308 2022 1599 2060 inferiorem,'nam
1609 2022 1697 2060 dico,
1718 2033 1833 2057 verum
1842 2020 1903 2056 effe
1914 2021 1958 2056 il-

286 2064 358 2103 lud,
369 2064 428 2099 ubi
439 2063 579 2100 inferior
590 2069 725 2102 eandem
743 2070 842 2105 haber
854 2072 1048 2117 gravitatem
1059 2074 1133 2104 curn
1146 2070 1317 2117 superiori.
1342 2074 1432 2116 Qia
1443 2082 1553 2105 autem
1563 2084 1601 2105 ex
1613 2074 1694 2106 mari
1707 2070 1889 2106 effunditur
1900 2083 1956 2117 pet

286 2115 407 2148 tractus
418 2112 657 2156 subterraneos,
667 2117 711 2151 ob
722 2122 842 2153 variam
854 2119 944 2153 illam
958 2122 1170 2166 agitationem
1183 2123 1217 2153 &
1228 2119 1522 2154 reverberationem
1533 2143 1542 2158 ‚
1560 2121 1640 2154 dum
1654 2120 1696 2154 ob
1707 2121 1820 2153 caloris
1830 2119 1954 2154 subter-

287 2164 379 2196 ranei
389 2162 637 2203 admiXtionem,
650 2167 767 2213 dequo
783 2168 883 2202 modo
896 2168 1070 2208 :iit-bamus.
1089 2179 1289 2208 attenuatur,
1303 2167 1510 2216 efficiturque
1522 2168 1638 2206 levior.
1672 2170 1710 2203 Et
1723 2168 1801 2203 vero
1814 2169 1955 2205 dubium

289 2222 360 2245 non
372 2210 429 2246 est.
440 2214 521 2256 quin
535 2224 617 2258 aqua
631 2210 734 2250 dulcis
748 2215 853 2251 levior
864 2215 913 2253 fir,
925 2218 1025 2263 quim]
1043 2216 1128 2249 (alla.

384 2259 496 2292 Tertia
512 2260 603 2294 causa
619 2260 680 2296 else
692 2260 796 2308 potest
809 2277 898 2299 terrae
911 2264 1045 2312 siccitas,
1064 2278 1135 2312 quae
1145 2277 1262 2311 aquam
1275 2264 1359 2313 sugit
1369 2265 1468 2300 instar
1487 2266 1671 2312 spongiae&
1681 2266 1954 2303 eminentioribus

287 2306 368 2341 locis
377 2305 494 2346 reddit,
509 2306 591 2343 ‘sicut
608 2314 802 2361 contingere
811 2314 960 2348 videmus
970 2317 1004 2348 in
1016 2316 1132 2361 pannis
1141 2319 1174 2350 δε
1184 2325 1277 2361 pane.
1310 2314 1376 2349 Alii
1391 2315 1523 2350 demum
1535 2317 1633 2350 etiam
1640 2317 1673 2351 vi
1683 2315 1866 2351 coelestium
1880 2328 1953 2351 cor-

286 2367 405 2404 porum
417 2354 541 2390 'sursum
555 2360 673 2394 attrahi
683 2375 802 2407 aquarn
813 2363 954 2397 censent.
1851 2404 1852 2407 ,

382 2406 543 2451 Ορροηέε
554 2408 663 2443 tertio.
689 2411 721 2444 Si
735 2410 873 2445 flumina
883 2415 916 2446 ὃς
927 2410 1040 2446 fontes
1049 2424 1087 2444 ex
1098 2414 1177 2445 mari
1189 2423 1297 2447 ortum
1308 2412 1447 2450 ducunt,
1457 2424 1626 2459 nunquam
1639 2413 1795 2449 deberent
1804 2413 1952 2455 deficere.

285 2463 342 2487 aur
350 2452 514 2492 exsiccari,
524 2456 612 2503 quod
624 2468 732 2492 tamen
751 2458 828 2506 [εμὲ
842 2463 1018 2508 contingit.
1053 2462 1262 2505 Respondet),
1290 2472 1402 2494 verum
1417 2461 1498 2495 illud
1506 2461 1581 2500 effe,
1602 2465 1743 2497 maxime
1755 2465 1793 2497 de
1803 2465 1841 2497 iis
1850 2461 1952 2497 fonti·

284 2500 425 2549 bus‚qui
439 2504 596 2538 oriuntur
610 2509 731 2541 exaere
743 2509 876 2555 vapido,
886 2513 919 2544 ὅ(
933 2511 1027 2555 aquei
1041 2507 1253 2554 pluvialibus.
1283 2512 1485 2556 Quanquam
1496 2514 1529 2545 ὃς
1541 2511 1646 2549 fluvii,
1664 2514 1769 2558 quiex
1783 2514 1951 2557 ma'ripto-

283 2561 442 2588 manant,
469 2550 585 2597 poffint
595 2555 761 2590 interdum
771 2556 924 2595 deficere,
945 2557 965 2591 fi
975 2557 1215 2593 collabantibus
1224 2562 1316 2593 terris
1327 2581 1336 2596 ‚
1352 2558 1477 2592 canales
1488 2571 1601 2593 eornm
1615 2560 1838 2598 obstruantur.
1867 2562 1951 2594 1³1ae-

281 2610 370 2634 terea
385 2598 455 2634 fieti
466 2600 528 2634 hoc
543 2603 648 2647 potest
661 2603 704 2638 ob
712 2617 831 2640 novam
844 2604 1171 2654 sylvae,atbott'1rnque
1182 2609 1454 2654 procreationem,
1471 2611 1547 2654 quia
1560 2609 1608 2642 hae
1626 2608 1784 2654 uliginem
1795 2620 1900 2647 term,
1915 2613 1951 2644 δε

281 2660 400 2695 aquam
413 2646 475 2682 'fibi
492 2651 526 2683 in
543 2649 738 2687 alimentum
758 2655 931 2691 advocant.
958 2656 1079 2690 Pariter
1096 2669 1180 2691 nova
1194 2657 1361 2704 generatio
1373 2655 1509 2699 alicujus
1529 2656 1616 2692 lacus
1633 2657 1835 2694 subterranei
1853 2657 1947 2692 causa

282 2695 345 2731 effe
352 2697 470 2743 potest,
490 2696 507 2731 ὲ
517 2710 585 2744 quo
601 2704 728 2747 aquain
738 2713 828 2738 terrae
840 2702 1042 2749 superficiem
1054 2705 1230 2740 derivatur.
1274 2706 1337 2739 His
1344 2705 1433 2739 addit
1445 2705 1636 2742 Aristoteles
1648 2710 1810 2742 rationem
1821 2730 1831 2746 ‚
1853 2706 1947 2752 quod

282 2756 373 2779 terrae
383 2757 489 2791 partes
509 2749 701 2789 interiores,
727 2752 1010 2798 quemadmodum
1029 2756 1251 2789 animantium
1272 2756 1306 2788 ὀί
1320 2752 1502 2799 plantarum
1514 2767 1653 2802 corpora
1672 2758 1830 2791 teneam
1847 2753 1949 2789 habe-

280 2805 336 2828 ant
346 2797 380 2828 &
391 2794 682 2832 ficcioresevada'nt
690 2822 699 2837 ‚
720 2799 865 2848 ideoque
875 2801 1052 2836 neceffario
1064 2802 1172 2838 fontes
1181 2800 1382 2840 evanescere.
1434 2805 1482 2836 Ita
1491 2805 1525 2838 in
1537 2805 1674 2841 Arcadia
1684 2804 1792 2840 fontes
1803 2807 1838 2839 δε
1847 2803 1947 2841 fluvi-

279 2853 317 2876 os
326 2842 440 2877 aruisse
453 2845 658 2892 Theophrastes
671 2850 811 2886 notavit.
852 2851 948 2896 Aqua
966 2853 1085 2895 pariter
1099 2852 1193 2887 fluxit
1205 2875 1215 2891 ‚
1229 2850 1286 2886 ubi
1300 2862 1390 2885 nunc
1401 2853 1524 2887 Graecia
1538 2854 1717 2892 habitatur.
1882 2897 1885 2900 ,

377 2893 424 2925 Ex
435 2897 544 2939 quo&
553 2894 637 2930 illud
648 2896 781 2945 colliges
793 2921 804 2936 ,
823 2899 997 2945 quomodo
1008 2899 1086 2946 laepe
1094 2900 1227 2947 repente
1236 2900 1372 2934 flumina
1385 2913 1562 2948 erumpant
1571 2926 1581 2941 ‚
1602 2903 1624 2938 fi
1634 2907 1720 2938 enim
1731 2901 1823 2947 {ylvae
1832 2902 1949 2938 exstir-

281 2949 404 2985 pentur
419 2963 429 2978 2
451 2952 534 2988 aqua
549 2941 710 2989 lylvarum
720 2948 832 2980 nutrix
841 2945 957 2981 ablatis
967 2947 1137 2983 arboribus
1158 2948 1282 2995 otiosa,
1310 2950 1345 2982 in
1357 2948 1496 2985 fluvium
1512 2952 1546 2986 ie
1562 2952 1713 2987 effundit.
1736 2952 1789 2984 Sic
1803 2951 1880 2986 fecit
1891 2952 1950 2986 ali-

280 2988 416 3034 quando
427 2999 587 3035 aquarum
608 2995 705 3040 inops
744 2997 877 3029 Haemus
888 3017 898 3033 ,
919 2995 969 3029 led
982 2997 1057 3031 cum
1075 2998 1245 3033 Gallorum
1258 3008 1336 3044 gens
1349 2996 1367 3032 ὲ
1379 2998 1560 3035 Cassandro
1572 2999 1740 3040 obieffa,in
1756 2995 1849 3034 illum
1861 2999 1948 3035 sedes

284 3035 574 3074 suastranstulisset
584 3063 595 3079 ‚
617 3054 652 3076 ac
665 3041 768 3088 sylvas
776 3041 936 3078 cecidiffet
948 3067 959 3082 ‚
979 3047 1096 3094 ingens
1107 3058 1267 3095 aquarum
1278 3047 1544 3095 copiaapparuir,
1562 3061 1661 3096 quam
1675 3049 1828 3085 videlicet
1838 3051 1873 3084 in
1886 3049 1949 3090 aliq

276 3096 428 3121 mentum
438 3085 530 3122 suurn
542 3091 634 3138 prius
644 3103 781 3139 nemora
792 3091 974 3141 trahebant.
1700 3095 1703 3098 '
