<?xml version="1.0" encoding="UTF-8"?>
<!DOCTYPE html PUBLIC "-//W3C//DTD XHTML 1.0 Transitional//EN"
    "http://www.w3.org/TR/xhtml1/DTD/xhtml1-transitional.dtd">
<html xmlns="http://www.w3.org/1999/xhtml" xml:lang="en" lang="en">
 <head>
  <title>
</title>
<meta http-equiv="Content-Type" content="text/html;charset=utf-8" />
  <meta name='ocr-system' content='tesseract 3.04.00' />
  <meta name='ocr-capabilities' content='ocr_page ocr_carea ocr_par ocr_line ocrx_word'/>
</head>
<body>
  <div class='ocr_page' id='page_1' title='image "./philosphicopolit00rein_0176.png"; bbox 0 0 2060 3444; ppageno 0'>
   <div class='ocr_carea' id='block_1_1' title="bbox 290 138 1280 210">
    <p class='ocr_par' dir='ltr' id='par_1_1' title="bbox 290 138 1280 210">
     <span class='ocr_line' id='line_1_1' title="bbox 290 138 1280 210; baseline -0.008 -13"><span class='ocrx_word' id='word_1_1' title='bbox 290 144 394 209; x_wconf 86' lang='lat'>164</span> <span class='ocrx_word' id='word_1_2' title='bbox 905 138 1280 210; x_wconf 77' lang='lat' dir='ltr'>Meteorologia</span> 
     </span>
    </p>
   </div>
   <div class='ocr_carea' id='block_1_2' title="bbox 120 221 1974 1113">
    <p class='ocr_par' dir='ltr' id='par_1_2' title="bbox 120 221 1974 1113">
     <span class='ocr_line' id='line_1_2' title="bbox 289 221 1971 273; baseline -0.003 -12"><span class='ocrx_word' id='word_1_3' title='bbox 289 238 396 263; x_wconf 89' lang='lat' dir='ltr'>tamus</span> <span class='ocrx_word' id='word_1_4' title='bbox 408 226 465 266; x_wconf 87' lang='lat' dir='ltr'>est,</span> <span class='ocrx_word' id='word_1_5' title='bbox 492 225 636 262; x_wconf 64' lang='lat' dir='ltr'>vindicsta</span> <span class='ocrx_word' id='word_1_6' title='bbox 648 222 800 270; x_wconf 85' lang='lat' dir='ltr'>cephalus</span> <span class='ocrx_word' id='word_1_7' title='bbox 810 223 980 267; x_wconf 69' lang='lat' dir='ltr'>est3-animi</span> <span class='ocrx_word' id='word_1_8' title='bbox 992 223 1146 270; x_wconf 84' lang='lat' dir='ltr'>procellas</span> <span class='ocrx_word' id='word_1_9' title='bbox 1154 225 1310 261; x_wconf 78' lang='lat' dir='ltr'>excitant,</span> <span class='ocrx_word' id='word_1_10' title='bbox 1320 222 1489 270; x_wconf 82' lang='lat' dir='ltr'>naufragia</span> <span class='ocrx_word' id='word_1_11' title='bbox 1500 223 1681 263; x_wconf 77' lang='lat' dir='ltr'>minantur.</span> <span class='ocrx_word' id='word_1_12' title='bbox 1695 226 1772 261; x_wconf 64' lang='lat' dir='ltr'>Haec</span> <span class='ocrx_word' id='word_1_13' title='bbox 1782 225 1839 273; x_wconf 77' lang='lat' dir='ltr'>qui</span> <span class='ocrx_word' id='word_1_14' title='bbox 1851 221 1971 270; x_wconf 81' lang='lat' dir='ltr'>paffio·</span> 
     </span>
     <span class='ocr_line' id='line_1_3' title="bbox 290 272 1971 311; baseline -0.001 0"><span class='ocrx_word' id='word_1_15' title='bbox 290 289 372 311; x_wconf 72' lang='lat' dir='ltr'>num</span> <span class='ocrx_word' id='word_1_16' title='bbox 384 276 526 311; x_wconf 85' lang='lat' dir='ltr'>monstra</span> <span class='ocrx_word' id='word_1_17' title='bbox 541 277 653 308; x_wconf 83' lang='lat' dir='ltr'>domat</span> <span class='ocrx_word' id='word_1_18' title='bbox 670 273 799 308; x_wconf 83' lang='lat' dir='ltr'>hostem</span> <span class='ocrx_word' id='word_1_19' title='bbox 810 275 915 308; x_wconf 65' lang='lat' dir='ltr'>vincit</span> <span class='ocrx_word' id='word_1_20' title='bbox 930 275 1119 311; x_wconf 82' lang='lat' dir='ltr'>maximnm.</span> <span class='ocrx_word' id='word_1_21' title='bbox 1139 272 1229 307; x_wconf 76' lang='lat' dir='ltr'>Adeo</span> <span class='ocrx_word' id='word_1_22' title='bbox 1243 284 1355 307; x_wconf 80' lang='lat' dir='ltr'>verum</span> <span class='ocrx_word' id='word_1_23' title='bbox 1366 275 1451 308; x_wconf 84' lang='lat' dir='ltr'>dixit</span> <span class='ocrx_word' id='word_1_24' title='bbox 1464 272 1709 308; x_wconf 70' lang='lat' dir='ltr'>facundissimus</span> <span class='ocrx_word' id='word_1_25' title='bbox 1719 277 1971 310; x_wconf 59' lang='lat' dir='ltr'>Romanorum&amp;</span> 
     </span>
     <span class='ocr_line' id='line_1_4' title="bbox 291 321 1971 370; baseline -0.004 -11"><span class='ocrx_word' id='word_1_26' title='bbox 291 330 446 360; x_wconf 71' lang='lat' dir='ltr'>Animum</span> <span class='ocrx_word' id='word_1_27' title='bbox 460 328 591 361; x_wconf 77' lang='lat' dir='ltr'>vincere,</span> <span class='ocrx_word' id='word_1_28' title='bbox 600 322 793 357; x_wconf 81' lang='lat' dir='ltr'><em>iracundiam</em></span> <span class='ocrx_word' id='word_1_29' title='bbox 804 322 944 356; x_wconf 52' lang='lat' dir='ltr'>cohaesere</span> <span class='ocrx_word' id='word_1_30' title='bbox 952 322 1107 367; x_wconf 80' lang='lat' dir='ltr'>fortiffimi</span> <span class='ocrx_word' id='word_1_31' title='bbox 1116 321 1167 366; x_wconf 80' lang='lat' dir='ltr'>est.</span> <span class='ocrx_word' id='word_1_32' title='bbox 1194 324 1262 355; x_wconf 75' lang='lat' dir='ltr'>Haec</span> <span class='ocrx_word' id='word_1_33' title='bbox 1276 324 1331 368; x_wconf 76' lang='lat' dir='ltr'>qui</span> <span class='ocrx_word' id='word_1_34' title='bbox 1336 323 1432 367; x_wconf 77' lang='lat' dir='ltr'>facit,</span> <span class='ocrx_word' id='word_1_35' title='bbox 1444 335 1500 356; x_wconf 83' lang='lat' dir='ltr'>non</span> <span class='ocrx_word' id='word_1_36' title='bbox 1518 321 1604 355; x_wconf 70' lang='lat' dir='ltr'>madh</span> <span class='ocrx_word' id='word_1_37' title='bbox 1615 335 1684 356; x_wconf 74' lang='lat' dir='ltr'>enm</span> <span class='ocrx_word' id='word_1_38' title='bbox 1692 335 1742 370; x_wconf 77' lang='lat' dir='ltr'>ego</span> <span class='ocrx_word' id='word_1_39' title='bbox 1749 326 1877 369; x_wconf 78' lang='lat' dir='ltr'>summis</span> <span class='ocrx_word' id='word_1_40' title='bbox 1889 323 1971 355; x_wconf 63' lang='lat' dir='ltr'>virio·</span> 
     </span>
     <span class='ocr_line' id='line_1_5' title="bbox 290 370 1974 422; baseline -0.005 -12"><span class='ocrx_word' id='word_1_41' title='bbox 290 387 424 422; x_wconf 84' lang='lat' dir='ltr'>comparo</span> <span class='ocrx_word' id='word_1_42' title='bbox 436 398 446 412; x_wconf 89' lang='lat'>,</span> <span class='ocrx_word' id='word_1_43' title='bbox 465 373 703 416; x_wconf 75' lang='lat' dir='ltr'>ledsimillrmum</span> <span class='ocrx_word' id='word_1_44' title='bbox 715 374 786 407; x_wconf 77' lang='lat' dir='ltr'>Deo</span> <span class='ocrx_word' id='word_1_45' title='bbox 795 373 904 416; x_wconf 66' lang='lat' dir='ltr'>judico.</span> <span class='ocrx_word' id='word_1_46' title='bbox 958 371 1155 406; x_wconf 75' lang='lat' dir='ltr'>Praestantiffi</span> <span class='ocrx_word' id='word_1_47' title='bbox 1163 383 1232 404; x_wconf 85' lang='lat' dir='ltr'>mus</span> <span class='ocrx_word' id='word_1_48' title='bbox 1253 372 1355 405; x_wconf 88' lang='lat' dir='ltr'>videri</span> <span class='ocrx_word' id='word_1_49' title='bbox 1372 370 1474 418; x_wconf 78' lang='lat' dir='ltr'>posset</span> <span class='ocrx_word' id='word_1_50' title='bbox 1488 371 1638 406; x_wconf 85' lang='lat' dir='ltr'>Sesostris</span> <span class='ocrx_word' id='word_1_51' title='bbox 1653 373 1755 419; x_wconf 85' lang='lat' dir='ltr'>Regis</span> <span class='ocrx_word' id='word_1_52' title='bbox 1766 376 1899 419; x_wconf 68' lang='lat' dir='ltr'>AEaypti</span> <span class='ocrx_word' id='word_1_53' title='bbox 1910 373 1974 404; x_wconf 68' lang='lat' dir='ltr'>tri-0</span> 
     </span>
     <span class='ocr_line' id='line_1_6' title="bbox 290 414 1970 472; baseline -0.005 -13"><span class='ocrx_word' id='word_1_54' title='bbox 290 425 455 472; x_wconf 86' lang='lat' dir='ltr'>umphus,</span> <span class='ocrx_word' id='word_1_55' title='bbox 475 423 536 468; x_wconf 90' lang='lat' dir='ltr'>qui</span> <span class='ocrx_word' id='word_1_56' title='bbox 547 423 656 470; x_wconf 83' lang='lat' dir='ltr'>Reges</span> <span class='ocrx_word' id='word_1_57' title='bbox 667 433 809 469; x_wconf 80' lang='lat' dir='ltr'>quatuor</span> <span class='ocrx_word' id='word_1_58' title='bbox 824 419 884 457; x_wconf 66' lang='lat' dir='ltr'>ase</span> <span class='ocrx_word' id='word_1_59' title='bbox 898 418 1046 456; x_wconf 55' lang='lat' dir='ltr'>subaaos</span> <span class='ocrx_word' id='word_1_60' title='bbox 1064 424 1293 465; x_wconf 66' lang='lat' dir='ltr'>junientorum</span> <span class='ocrx_word' id='word_1_61' title='bbox 1307 422 1341 453; x_wconf 91' lang='lat' dir='ltr'>in</span> <span class='ocrx_word' id='word_1_62' title='bbox 1360 432 1491 455; x_wconf 84' lang='lat' dir='ltr'>morem</span> <span class='ocrx_word' id='word_1_63' title='bbox 1515 431 1648 454; x_wconf 84' lang='lat' dir='ltr'>currum</span> <span class='ocrx_word' id='word_1_64' title='bbox 1668 420 1761 453; x_wconf 89' lang='lat' dir='ltr'>suum</span> <span class='ocrx_word' id='word_1_65' title='bbox 1779 414 1970 465; x_wconf 69' lang='lat' dir='ltr'>protrahere</span> 
     </span>
     <span class='ocr_line' id='line_1_7' title="bbox 287 466 1972 520; baseline -0.005 -12"><span class='ocrx_word' id='word_1_66' title='bbox 287 476 406 520; x_wconf 59' lang='lat' dir='ltr'>coegit:</span> <span class='ocrx_word' id='word_1_67' title='bbox 456 473 502 505; x_wconf 86' lang='lat' dir='ltr'>At</span> <span class='ocrx_word' id='word_1_68' title='bbox 521 469 592 517; x_wconf 88' lang='lat' dir='ltr'>ipse</span> <span class='ocrx_word' id='word_1_69' title='bbox 612 471 792 518; x_wconf 85' lang='lat' dir='ltr'>paffionurn</span> <span class='ocrx_word' id='word_1_70' title='bbox 804 471 1006 516; x_wconf 71' lang='lat' dir='ltr'>mancipium</span> <span class='ocrx_word' id='word_1_71' title='bbox 1019 493 1030 508; x_wconf 91' lang='lat'>‚</span> <span class='ocrx_word' id='word_1_72' title='bbox 1053 467 1185 514; x_wconf 78' lang='lat' dir='ltr'>sibiipsi</span> <span class='ocrx_word' id='word_1_73' title='bbox 1206 470 1368 503; x_wconf 83' lang='lat' dir='ltr'>dominari</span> <span class='ocrx_word' id='word_1_74' title='bbox 1381 467 1553 506; x_wconf 83' lang='lat' dir='ltr'>nesciebat.</span> <span class='ocrx_word' id='word_1_75' title='bbox 1601 466 1817 511; x_wconf 61' lang='lat' dir='ltr'>eumtdemum</span> <span class='ocrx_word' id='word_1_76' title='bbox 1826 471 1972 516; x_wconf 75' lang='lat' dir='ltr'>optimum</span> 
     </span>
     <span class='ocr_line' id='line_1_8' title="bbox 120 517 1968 568; baseline 0.001 -20"><span class='ocrx_word' id='word_1_77' title='bbox 120 517 426 566; x_wconf 74' lang='lat' dir='ltr'>Sen,ep.37&amp;laude</span> <span class='ocrx_word' id='word_1_78' title='bbox 439 518 646 568; x_wconf 73' lang='lat' dir='ltr'>dignffmum</span> <span class='ocrx_word' id='word_1_79' title='bbox 665 520 820 559; x_wconf 76' lang='lat' dir='ltr'><em>dixerim,</em></span> <span class='ocrx_word' id='word_1_80' title='bbox 845 522 904 565; x_wconf 84' lang='lat' dir='ltr'>qui</span> <span class='ocrx_word' id='word_1_81' title='bbox 914 522 1041 564; x_wconf 81' lang='lat' dir='ltr'>propriis</span> <span class='ocrx_word' id='word_1_82' title='bbox 1050 517 1208 564; x_wconf 66' lang='lat' dir='ltr'>affiefixbus</span> <span class='ocrx_word' id='word_1_83' title='bbox 1225 520 1398 564; x_wconf 77' lang='lat' dir='ltr'>imperaret.</span> <span class='ocrx_word' id='word_1_84' title='bbox 1452 520 1542 553; x_wconf 89' lang='lat' dir='ltr'>Stare</span> <span class='ocrx_word' id='word_1_85' title='bbox 1557 519 1593 551; x_wconf 82' lang='lat' dir='ltr'>in</span> <span class='ocrx_word' id='word_1_86' title='bbox 1611 517 1743 563; x_wconf 77' lang='lat' dir='ltr'>fastigio</span> <span class='ocrx_word' id='word_1_87' title='bbox 1758 517 1819 551; x_wconf 78' lang='lat' dir='ltr'>&amp;e</span> <span class='ocrx_word' id='word_1_88' title='bbox 1830 518 1968 563; x_wconf 71' lang='lat' dir='ltr'>vestigio</span> 
     </span>
     <span class='ocr_line' id='line_1_9' title="bbox 287 565 1969 618; baseline -0.003 -13"><span class='ocrx_word' id='word_1_89' title='bbox 287 577 392 618; x_wconf 85' lang='lat' dir='ltr'>jacere</span> <span class='ocrx_word' id='word_1_90' title='bbox 404 567 464 603; x_wconf 84' lang='lat' dir='ltr'>sub</span> <span class='ocrx_word' id='word_1_91' title='bbox 473 571 555 604; x_wconf 86' lang='lat' dir='ltr'>vitio</span> <span class='ocrx_word' id='word_1_92' title='bbox 567 580 581 608; x_wconf 64' lang='lat' dir='ltr'>t</span> <span class='ocrx_word' id='word_1_93' title='bbox 606 569 714 605; x_wconf 89' lang='lat' dir='ltr'>sedere</span> <span class='ocrx_word' id='word_1_94' title='bbox 726 573 762 605; x_wconf 82' lang='lat' dir='ltr'>in</span> <span class='ocrx_word' id='word_1_95' title='bbox 771 571 892 604; x_wconf 88' lang='lat' dir='ltr'>throno</span> <span class='ocrx_word' id='word_1_96' title='bbox 906 592 915 607; x_wconf 93' lang='lat'>‚</span> <span class='ocrx_word' id='word_1_97' title='bbox 940 571 974 603; x_wconf 89' lang='lat'>&amp;</span> <span class='ocrx_word' id='word_1_98' title='bbox 987 568 1128 603; x_wconf 89' lang='lat' dir='ltr'>volutari</span> <span class='ocrx_word' id='word_1_99' title='bbox 1138 570 1170 602; x_wconf 85' lang='lat' dir='ltr'>in</span> <span class='ocrx_word' id='word_1_100' title='bbox 1186 579 1275 601; x_wconf 78' lang='lat' dir='ltr'>caeno</span> <span class='ocrx_word' id='word_1_101' title='bbox 1287 591 1298 606; x_wconf 92' lang='lat'><em>,</em></span> <span class='ocrx_word' id='word_1_102' title='bbox 1324 579 1392 602; x_wconf 92' lang='lat' dir='ltr'>non</span> <span class='ocrx_word' id='word_1_103' title='bbox 1405 567 1468 602; x_wconf 85' lang='lat' dir='ltr'>hoc</span> <span class='ocrx_word' id='word_1_104' title='bbox 1489 565 1632 602; x_wconf 87' lang='lat' dir='ltr'>fortium</span> <span class='ocrx_word' id='word_1_105' title='bbox 1643 590 1654 606; x_wconf 90' lang='lat'>‚</span> <span class='ocrx_word' id='word_1_106' title='bbox 1676 579 1747 601; x_wconf 88' lang='lat' dir='ltr'>non</span> <span class='ocrx_word' id='word_1_107' title='bbox 1761 567 1969 600; x_wconf 78' lang='lat' dir='ltr'>summorum</span> 
     </span>
     <span class='ocr_line' id='line_1_10' title="bbox 286 614 1971 665; baseline -0.003 -12"><span class='ocrx_word' id='word_1_108' title='bbox 286 621 345 658; x_wconf 77' lang='lat' dir='ltr'>est.</span> <span class='ocrx_word' id='word_1_109' title='bbox 397 619 514 665; x_wconf 83' lang='lat' dir='ltr'>Turpe</span> <span class='ocrx_word' id='word_1_110' title='bbox 523 619 568 654; x_wconf 88' lang='lat' dir='ltr'>est</span> <span class='ocrx_word' id='word_1_111' title='bbox 578 619 716 655; x_wconf 83' lang='lat' dir='ltr'>Herculi</span> <span class='ocrx_word' id='word_1_112' title='bbox 727 620 850 665; x_wconf 79' lang='lat' dir='ltr'>Hydrae</span> <span class='ocrx_word' id='word_1_113' title='bbox 863 629 960 664; x_wconf 88' lang='lat' dir='ltr'>caput</span> <span class='ocrx_word' id='word_1_114' title='bbox 969 619 1142 655; x_wconf 81' lang='lat' dir='ltr'>demetere,</span> <span class='ocrx_word' id='word_1_115' title='bbox 1169 621 1203 651; x_wconf 70' lang='grc' dir='ltr'>δε</span> <span class='ocrx_word' id='word_1_116' title='bbox 1213 617 1298 650; x_wconf 85' lang='lat' dir='ltr'>vinci</span> <span class='ocrx_word' id='word_1_117' title='bbox 1310 615 1454 665; x_wconf 63' lang='lat' dir='ltr'>affedlug</span> <span class='ocrx_word' id='word_1_118' title='bbox 1481 618 1590 651; x_wconf 90' lang='lat' dir='ltr'>virum</span> <span class='ocrx_word' id='word_1_119' title='bbox 1598 628 1716 650; x_wconf 82' lang='lat' dir='ltr'>exuere</span> <span class='ocrx_word' id='word_1_120' title='bbox 1726 614 1870 650; x_wconf 79' lang='lat' dir='ltr'>foeminae</span> <span class='ocrx_word' id='word_1_121' title='bbox 1877 626 1952 648; x_wconf 88' lang='lat' dir='ltr'>amo</span> <span class='ocrx_word' id='word_1_122' title='bbox 1960 634 1971 642; x_wconf 77' lang='lat'><em>—</em></span> 
     </span>
     <span class='ocr_line' id='line_1_11' title="bbox 286 663 1972 716; baseline -0.004 -12"><span class='ocrx_word' id='word_1_123' title='bbox 286 682 321 704; x_wconf 89' lang='lat' dir='ltr'>re</span> <span class='ocrx_word' id='word_1_124' title='bbox 337 692 347 708; x_wconf 93' lang='lat'>,</span> <span class='ocrx_word' id='word_1_125' title='bbox 369 670 407 702; x_wconf 90' lang='lat'>&amp;</span> <span class='ocrx_word' id='word_1_126' title='bbox 419 667 525 702; x_wconf 88' lang='lat' dir='ltr'>sedere</span> <span class='ocrx_word' id='word_1_127' title='bbox 535 669 574 702; x_wconf 88' lang='lat' dir='ltr'>ad</span> <span class='ocrx_word' id='word_1_128' title='bbox 586 669 712 705; x_wconf 81' lang='lat' dir='ltr'>colum,</span> <span class='ocrx_word' id='word_1_129' title='bbox 726 666 897 716; x_wconf 55' lang='lat' dir='ltr'>penderes.</span> <span class='ocrx_word' id='word_1_130' title='bbox 913 666 1000 701; x_wconf 93' lang='lat' dir='ltr'>collo</span> <span class='ocrx_word' id='word_1_131' title='bbox 1012 691 1023 707; x_wconf 84' lang='lat'>‚</span> <span class='ocrx_word' id='word_1_132' title='bbox 1048 670 1105 715; x_wconf 85' lang='lat' dir='ltr'>qni</span> <span class='ocrx_word' id='word_1_133' title='bbox 1117 667 1248 713; x_wconf 47' lang='lat' dir='ltr'>pectore</span> <span class='ocrx_word' id='word_1_134' title='bbox 1267 667 1409 700; x_wconf 89' lang='lat' dir='ltr'>immoto</span> <span class='ocrx_word' id='word_1_135' title='bbox 1423 668 1457 700; x_wconf 91' lang='lat' dir='ltr'>in</span> <span class='ocrx_word' id='word_1_136' title='bbox 1473 664 1546 700; x_wconf 77' lang='lat' dir='ltr'>{inu</span> <span class='ocrx_word' id='word_1_137' title='bbox 1566 668 1665 709; x_wconf 87' lang='lat' dir='ltr'>jacuit</span> <span class='ocrx_word' id='word_1_138' title='bbox 1676 665 1837 702; x_wconf 65' lang='lat' dir='ltr'>vietoriae.</span> <span class='ocrx_word' id='word_1_139' title='bbox 1886 663 1972 699; x_wconf 82' lang='lat' dir='ltr'>Illud</span> 
     </span>
     <span class='ocr_line' id='line_1_12' title="bbox 288 711 1970 766; baseline -0.002 -15"><span class='ocrx_word' id='word_1_140' title='bbox 288 716 443 766; x_wconf 59' lang='lat' dir='ltr'>proserii&amp;</span> <span class='ocrx_word' id='word_1_141' title='bbox 453 719 649 764; x_wconf 84' lang='lat' dir='ltr'>primarium</span> <span class='ocrx_word' id='word_1_142' title='bbox 660 731 694 752; x_wconf 81' lang='lat' dir='ltr'>ac</span> <span class='ocrx_word' id='word_1_143' title='bbox 706 717 828 752; x_wconf 72' lang='lat' dir='ltr'>summe</span> <span class='ocrx_word' id='word_1_144' title='bbox 841 719 970 763; x_wconf 83' lang='lat' dir='ltr'>regium</span> <span class='ocrx_word' id='word_1_145' title='bbox 979 716 1026 750; x_wconf 89' lang='lat' dir='ltr'>est</span> <span class='ocrx_word' id='word_1_146' title='bbox 1039 741 1052 760; x_wconf 85' lang='lat'><strong>,</strong></span> <span class='ocrx_word' id='word_1_147' title='bbox 1076 714 1224 762; x_wconf 78' lang='lat' dir='ltr'>suiipsius</span> <span class='ocrx_word' id='word_1_148' title='bbox 1236 717 1364 762; x_wconf 82' lang='lat' dir='ltr'>Regem</span> <span class='ocrx_word' id='word_1_149' title='bbox 1373 712 1435 749; x_wconf 69' lang='lat' dir='ltr'>ess&#39;e</span> <span class='ocrx_word' id='word_1_150' title='bbox 1445 737 1456 753; x_wconf 90' lang='lat'>‚</span> <span class='ocrx_word' id='word_1_151' title='bbox 1481 713 1695 762; x_wconf 73' lang='lat' dir='ltr'>mentemque</span> <span class='ocrx_word' id='word_1_152' title='bbox 1710 712 1893 748; x_wconf 62' lang='lat' dir='ltr'>domestica</span> <span class='ocrx_word' id='word_1_153' title='bbox 1901 711 1970 747; x_wconf 87' lang='lat' dir='ltr'>bel-</span> 
     </span>
     <span class='ocr_line' id='line_1_13' title="bbox 288 763 1974 814; baseline -0.003 -12"><span class='ocrx_word' id='word_1_154' title='bbox 288 765 451 814; x_wconf 81' lang='lat' dir='ltr'>luaequafi</span> <span class='ocrx_word' id='word_1_155' title='bbox 476 768 725 802; x_wconf 77' lang='lat' dir='ltr'>moderatricem</span> <span class='ocrx_word' id='word_1_156' title='bbox 747 765 931 813; x_wconf 83' lang='lat' dir='ltr'>praeficere:</span> <span class='ocrx_word' id='word_1_157' title='bbox 957 777 1065 812; x_wconf 88' lang='lat' dir='ltr'>neque</span> <span class='ocrx_word' id='word_1_158' title='bbox 1085 764 1159 798; x_wconf 67' lang='lat' dir='ltr'>cum</span> <span class='ocrx_word' id='word_1_159' title='bbox 1174 763 1316 799; x_wconf 83' lang='lat' dir='ltr'>infinitis</span> <span class='ocrx_word' id='word_1_160' title='bbox 1336 763 1581 810; x_wconf 64' lang='lat' dir='ltr'>propemodum</span> <span class='ocrx_word' id='word_1_161' title='bbox 1598 763 1794 799; x_wconf 81' lang='lat' dir='ltr'>hominibus</span> <span class='ocrx_word' id='word_1_162' title='bbox 1806 763 1974 797; x_wconf 80' lang='lat' dir='ltr'>dominati</span> 
     </span>
     <span class='ocr_line' id='line_1_14' title="bbox 289 809 1972 862; baseline -0.004 -11"><span class='ocrx_word' id='word_1_163' title='bbox 289 816 370 851; x_wconf 86' lang='lat' dir='ltr'>velis</span> <span class='ocrx_word' id='word_1_164' title='bbox 387 839 397 854; x_wconf 93' lang='lat'>,</span> <span class='ocrx_word' id='word_1_165' title='bbox 423 815 530 861; x_wconf 80' lang='lat' dir='ltr'>ipsum</span> <span class='ocrx_word' id='word_1_166' title='bbox 543 816 780 862; x_wconf 69' lang='lat' dir='ltr'>mrpfflimum,</span> <span class='ocrx_word' id='word_1_167' title='bbox 805 816 951 848; x_wconf 90' lang='lat' dir='ltr'>dominis</span> <span class='ocrx_word' id='word_1_168' title='bbox 964 814 1081 849; x_wconf 88' lang='lat' dir='ltr'>servire</span> <span class='ocrx_word' id='word_1_169' title='bbox 1092 814 1276 860; x_wconf 85' lang='lat' dir='ltr'>voluptati,</span> <span class='ocrx_word' id='word_1_170' title='bbox 1301 813 1422 852; x_wconf 74' lang='lat' dir='ltr'>dolori,</span> <span class='ocrx_word' id='word_1_171' title='bbox 1447 816 1481 847; x_wconf 83' lang='lat'>&amp;</span> <span class='ocrx_word' id='word_1_172' title='bbox 1497 825 1701 862; x_wconf 76' lang='lat' dir='ltr'>qua-cunque</span> <span class='ocrx_word' id='word_1_173' title='bbox 1712 809 1885 847; x_wconf 79' lang='lat' dir='ltr'>hisaffines</span> <span class='ocrx_word' id='word_1_174' title='bbox 1898 810 1972 844; x_wconf 58' lang='lat' dir='ltr'>hela</span> 
     </span>
     <span class='ocr_line' id='line_1_15' title="bbox 287 861 1973 909; baseline -0.002 -11"><span class='ocrx_word' id='word_1_175' title='bbox 287 865 371 903; x_wconf 80' lang='lat' dir='ltr'>luae,</span> <span class='ocrx_word' id='word_1_176' title='bbox 390 863 481 898; x_wconf 86' lang='lat' dir='ltr'>suum</span> <span class='ocrx_word' id='word_1_177' title='bbox 494 867 529 898; x_wconf 91' lang='lat' dir='ltr'>in</span> <span class='ocrx_word' id='word_1_178' title='bbox 542 865 674 899; x_wconf 78' lang='lat' dir='ltr'>animali</span> <span class='ocrx_word' id='word_1_179' title='bbox 687 864 892 899; x_wconf 86' lang='lat' dir='ltr'>domicilium</span> <span class='ocrx_word' id='word_1_180' title='bbox 907 863 1040 900; x_wconf 85' lang='lat' dir='ltr'>habent.</span> <span class='ocrx_word' id='word_1_181' title='bbox 1094 863 1275 897; x_wconf 79' lang='lat' dir='ltr'>Aureahaec</span> <span class='ocrx_word' id='word_1_182' title='bbox 1287 861 1408 909; x_wconf 79' lang='lat' dir='ltr'>Synefii</span> <span class='ocrx_word' id='word_1_183' title='bbox 1428 861 1524 896; x_wconf 75' lang='lat' dir='ltr'>verba</span> <span class='ocrx_word' id='word_1_184' title='bbox 1542 861 1615 896; x_wconf 88' lang='lat' dir='ltr'>sunt</span> <span class='ocrx_word' id='word_1_185' title='bbox 1627 862 1758 896; x_wconf 86' lang='lat' dir='ltr'>Politici</span> <span class='ocrx_word' id='word_1_186' title='bbox 1779 864 1893 895; x_wconf 87' lang='lat' dir='ltr'>animo</span> <span class='ocrx_word' id='word_1_187' title='bbox 1908 864 1973 894; x_wconf 87' lang='lat' dir='ltr'>irn-</span> 
     </span>
     <span class='ocr_line' id='line_1_16' title="bbox 290 909 1974 962; baseline -0.002 -15"><span class='ocrx_word' id='word_1_188' title='bbox 290 914 460 960; x_wconf 84' lang='lat' dir='ltr'>ptimenda</span> <span class='ocrx_word' id='word_1_189' title='bbox 469 937 480 952; x_wconf 80' lang='lat'><strong>‚</strong></span> <span class='ocrx_word' id='word_1_190' title='bbox 505 913 750 949; x_wconf 65' lang='lat' dir='ltr'>urnefluc&#39;libus</span> <span class='ocrx_word' id='word_1_191' title='bbox 761 913 945 962; x_wconf 70' lang='lat' dir='ltr'>pastionum</span> <span class='ocrx_word' id='word_1_192' title='bbox 955 912 1108 959; x_wconf 75' lang='lat' dir='ltr'>abreptus</span> <span class='ocrx_word' id='word_1_193' title='bbox 1120 910 1189 959; x_wconf 79' lang='lat' dir='ltr'>ipse</span> <span class='ocrx_word' id='word_1_194' title='bbox 1204 912 1312 960; x_wconf 78' lang='lat' dir='ltr'>praeda</span> <span class='ocrx_word' id='word_1_195' title='bbox 1322 911 1361 947; x_wconf 79' lang='lat' dir='ltr'>fit</span> <span class='ocrx_word' id='word_1_196' title='bbox 1374 911 1576 951; x_wconf 76' lang='lat' dir='ltr'>belluarum,</span> <span class='ocrx_word' id='word_1_197' title='bbox 1586 910 1637 946; x_wconf 75' lang='lat' dir='ltr'>sed</span> <span class='ocrx_word' id='word_1_198' title='bbox 1651 911 1775 947; x_wconf 72' lang='lat' dir='ltr'>bellum</span> <span class='ocrx_word' id='word_1_199' title='bbox 1787 909 1905 946; x_wconf 85' lang='lat' dir='ltr'>belluis</span> <span class='ocrx_word' id='word_1_200' title='bbox 1919 911 1974 944; x_wconf 81' lang='lat' dir='ltr'>iu-</span> 
     </span>
     <span class='ocr_line' id='line_1_17' title="bbox 290 960 747 1011; baseline 0.002 -14"><span class='ocrx_word' id='word_1_201' title='bbox 290 962 394 1005; x_wconf 77' lang='lat' dir='ltr'>ferar,</span> <span class='ocrx_word' id='word_1_202' title='bbox 417 960 554 997; x_wconf 67' lang='lat' dir='ltr'>affectus</span> <span class='ocrx_word' id='word_1_203' title='bbox 568 965 747 1011; x_wconf 76' lang='lat' dir='ltr'>gubernet.</span> 
     </span>
     <span class='ocr_line' id='line_1_18' title="bbox 635 1008 1044 1058; baseline -0.005 -11"><span class='ocrx_word' id='word_1_204' title='bbox 635 1013 720 1047; x_wconf 69' lang='lat' dir='ltr'>Tunc</span> <span class='ocrx_word' id='word_1_205' title='bbox 729 1015 904 1058; x_wconf 71' lang='lat' dir='ltr'>omniajure</span> <span class='ocrx_word' id='word_1_206' title='bbox 915 1008 1044 1050; x_wconf 81' lang='lat' dir='ltr'>tenebis,</span> 
     </span>
     <span class='ocr_line' id='line_1_19' title="bbox 459 1059 1116 1113; baseline -0.005 -15"><span class='ocrx_word' id='word_1_207' title='bbox 459 1059 538 1110; x_wconf 62' lang='lat' dir='ltr'>Cfam</span> <span class='ocrx_word' id='word_1_208' title='bbox 542 1066 653 1113; x_wconf 79' lang='lat' dir='ltr'>poteris</span> <span class='ocrx_word' id='word_1_209' title='bbox 660 1064 783 1110; x_wconf 73' lang='lat' dir='ltr'>Rexff</span> <span class='ocrx_word' id='word_1_210' title='bbox 791 1065 850 1100; x_wconf 68' lang='lat' dir='ltr'>mi.</span> <span class='ocrx_word' id='word_1_211' title='bbox 899 1061 1116 1096; x_wconf 78' lang='lat' dir='ltr'>Claudianus.</span> 
     </span>
    </p>
   </div>
   <div class='ocr_carea' id='block_1_3' title="bbox 797 1156 1525 1244">
    <p class='ocr_par' dir='ltr' id='par_1_3' title="bbox 797 1156 1525 1244">
     <span class='ocr_line' id='line_1_20' title="bbox 797 1156 1525 1244; baseline 0.007 -21"><span class='ocrx_word' id='word_1_212' title='bbox 797 1156 1349 1244; x_wconf 78' lang='lat' dir='ltr'>QuAEsTio</span> <span class='ocrx_word' id='word_1_213' title='bbox 1445 1159 1525 1230; x_wconf 79' lang='lat' dir='ltr'>IL</span> 
     </span>
    </p>
   </div>
   <div class='ocr_carea' id='block_1_4' title="bbox 289 1254 2031 1500">
    <p class='ocr_par' dir='ltr' id='par_1_4' title="bbox 289 1254 2031 1500">
     <span class='ocr_line' id='line_1_21' title="bbox 493 1254 2022 1336; baseline -0.001 -22"><span class='ocrx_word' id='word_1_214' title='bbox 493 1260 580 1314; x_wconf 90' lang='lat' dir='ltr'>De</span> <span class='ocrx_word' id='word_1_215' title='bbox 587 1260 973 1336; x_wconf 75' lang='lat' dir='ltr'>proprietatibus</span> <span class='ocrx_word' id='word_1_216' title='bbox 986 1264 1162 1322; x_wconf 73' lang='lat' dir='ltr'>maris,</span> <span class='ocrx_word' id='word_1_217' title='bbox 1178 1273 1252 1323; x_wconf 57' lang='grc' dir='ltr'>ξφ</span> <span class='ocrx_word' id='word_1_218' title='bbox 1262 1254 1428 1336; x_wconf 72' lang='lat' dir='ltr'>primb</span> <span class='ocrx_word' id='word_1_219' title='bbox 1441 1257 1502 1311; x_wconf 85' lang='lat' dir='ltr'>de</span> <span class='ocrx_word' id='word_1_220' title='bbox 1499 1256 1763 1335; x_wconf 46' lang='lat' dir='ltr'>salsedine.</span> <span class='ocrx_word' id='word_1_221' title='bbox 2019 1324 2022 1327; x_wconf 11' lang='grc' dir='ltr'><em>Δ</em></span> 
     </span>
     <span class='ocr_line' id='line_1_22' title="bbox 289 1342 2031 1500; baseline -0.002 -117"><span class='ocrx_word' id='word_1_222' title='bbox 289 1347 591 1500; x_wconf 83' lang='lat' dir='ltr'>COnclusio</span> <span class='ocrx_word' id='word_1_223' title='bbox 602 1346 719 1394; x_wconf 57' lang='lat' dir='ltr'>primass</span> <span class='ocrx_word' id='word_1_224' title='bbox 765 1349 853 1383; x_wconf 67' lang='lat' dir='ltr'>Inter</span> <span class='ocrx_word' id='word_1_225' title='bbox 862 1349 960 1383; x_wconf 85' lang='lat' dir='ltr'>matis</span> <span class='ocrx_word' id='word_1_226' title='bbox 970 1348 1182 1394; x_wconf 80' lang='lat' dir='ltr'>proprietates</span> <span class='ocrx_word' id='word_1_227' title='bbox 1191 1348 1340 1394; x_wconf 86' lang='lat' dir='ltr'>primum</span> <span class='ocrx_word' id='word_1_228' title='bbox 1357 1344 1415 1381; x_wconf 85' lang='lat' dir='ltr'>fibi</span> <span class='ocrx_word' id='word_1_229' title='bbox 1432 1346 1542 1381; x_wconf 90' lang='lat' dir='ltr'>locum</span> <span class='ocrx_word' id='word_1_230' title='bbox 1552 1348 1698 1382; x_wconf 86' lang='lat' dir='ltr'>vindicat</span> <span class='ocrx_word' id='word_1_231' title='bbox 1707 1344 1849 1385; x_wconf 65' lang='lat' dir='ltr'>salsedo,</span> <span class='ocrx_word' id='word_1_232' title='bbox 1857 1346 1935 1393; x_wconf 88' lang='lat' dir='ltr'>quia</span> <span class='ocrx_word' id='word_1_233' title='bbox 1942 1352 1982 1379; x_wconf 86' lang='lat' dir='ltr'>ut</span> <span class='ocrx_word' id='word_1_234' title='bbox 2022 1342 2031 1380; x_wconf 52' lang='grc' dir='ltr'>ᾗ</span> 
     </span>
    </p>
   </div>
   <div class='ocr_carea' id='block_1_5' title="bbox 109 355 285 446">
    <p class='ocr_par' dir='ltr' id='par_1_5' title="bbox 109 355 285 446">
     <span class='ocr_line' id='line_1_23' title="bbox 109 355 285 406; baseline 0.017 -19"><span class='ocrx_word' id='word_1_235' title='bbox 109 355 219 390; x_wconf 75' lang='lat' dir='ltr'>Cicero</span> <span class='ocrx_word' id='word_1_236' title='bbox 229 369 285 406; x_wconf 72' lang='lat' dir='ltr'>pro</span> 
     </span>
     <span class='ocr_line' id='line_1_24' title="bbox 113 405 274 446; baseline 0.037 -8"><span class='ocrx_word' id='word_1_237' title='bbox 113 405 274 446; x_wconf 70' lang='lat' dir='ltr'>Adarccao.</span> 
     </span>
    </p>
   </div>
   <div class='ocr_carea' id='block_1_6' title="bbox 287 1395 2026 3207">
    <p class='ocr_par' dir='ltr' id='par_1_6' title="bbox 287 1391 2026 3207">
     <span class='ocr_line' id='line_1_25' title="bbox 429 1395 1981 1444; baseline -0.002 -13"><span class='ocrx_word' id='word_1_238' title='bbox 429 1399 631 1444; x_wconf 80' lang='lat' dir='ltr'>experientia</span> <span class='ocrx_word' id='word_1_239' title='bbox 646 1396 790 1436; x_wconf 88' lang='lat' dir='ltr'>constat,</span> <span class='ocrx_word' id='word_1_240' title='bbox 807 1410 895 1432; x_wconf 80' lang='lat' dir='ltr'>mare</span> <span class='ocrx_word' id='word_1_241' title='bbox 908 1398 1056 1444; x_wconf 78' lang='lat' dir='ltr'>saporem</span> <span class='ocrx_word' id='word_1_242' title='bbox 1069 1409 1109 1431; x_wconf 85' lang='lat' dir='ltr'>ex</span> <span class='ocrx_word' id='word_1_243' title='bbox 1121 1395 1203 1431; x_wconf 84' lang='lat' dir='ltr'>salso</span> <span class='ocrx_word' id='word_1_244' title='bbox 1218 1396 1253 1432; x_wconf 89' lang='lat'>&amp;</span> <span class='ocrx_word' id='word_1_245' title='bbox 1264 1408 1381 1431; x_wconf 88' lang='lat' dir='ltr'>amaro</span> <span class='ocrx_word' id='word_1_246' title='bbox 1394 1398 1595 1442; x_wconf 83' lang='lat' dir='ltr'>permixtum</span> <span class='ocrx_word' id='word_1_247' title='bbox 1606 1395 1705 1430; x_wconf 91' lang='lat' dir='ltr'>habet</span> <span class='ocrx_word' id='word_1_248' title='bbox 1717 1419 1728 1434; x_wconf 90' lang='lat'><strong>,</strong></span> <span class='ocrx_word' id='word_1_249' title='bbox 1753 1396 1898 1442; x_wconf 80' lang='lat' dir='ltr'>ideoque</span> <span class='ocrx_word' id='word_1_250' title='bbox 1908 1406 1981 1428; x_wconf 85' lang='lat' dir='ltr'>ma·</span> 
     </span>
     <span class='ocr_line' id='line_1_26' title="bbox 430 1443 2015 1495; baseline -0.002 -15"><span class='ocrx_word' id='word_1_251' title='bbox 430 1459 462 1481; x_wconf 89' lang='lat' dir='ltr'>re</span> <span class='ocrx_word' id='word_1_252' title='bbox 470 1447 589 1481; x_wconf 86' lang='lat' dir='ltr'>dicitur</span> <span class='ocrx_word' id='word_1_253' title='bbox 598 1445 638 1480; x_wconf 92' lang='lat' dir='ltr'>ab</span> <span class='ocrx_word' id='word_1_254' title='bbox 651 1447 896 1495; x_wconf 73' lang='lat' dir='ltr'>amaritudine3</span> <span class='ocrx_word' id='word_1_255' title='bbox 920 1446 936 1481; x_wconf 72' lang='grc' dir='ltr'><strong>ὲ</strong></span> <span class='ocrx_word' id='word_1_256' title='bbox 950 1443 1107 1481; x_wconf 73' lang='lat' dir='ltr'>salsedine</span> <span class='ocrx_word' id='word_1_257' title='bbox 1124 1443 1240 1480; x_wconf 81' lang='lat' dir='ltr'>salsum</span> <span class='ocrx_word' id='word_1_258' title='bbox 1252 1443 1447 1492; x_wconf 74' lang='lat' dir='ltr'>appellatur.</span> <span class='ocrx_word' id='word_1_259' title='bbox 1506 1447 1648 1480; x_wconf 83' lang='lat' dir='ltr'>Adverte</span> <span class='ocrx_word' id='word_1_260' title='bbox 1657 1456 1859 1485; x_wconf 86' lang='lat' dir='ltr'>tamen,non</span> <span class='ocrx_word' id='word_1_261' title='bbox 1867 1455 1981 1490; x_wconf 79' lang='lat' dir='ltr'>aequa-</span> <span class='ocrx_word' id='word_1_262' title='bbox 2012 1458 2015 1461; x_wconf 55' lang='grc'><strong>’</strong></span> 
     </span>
     <span class='ocr_line' id='line_1_27' title="bbox 426 1492 1979 1542; baseline -0.001 -13"><span class='ocrx_word' id='word_1_263' title='bbox 426 1495 489 1529; x_wconf 85' lang='lat' dir='ltr'>lem</span> <span class='ocrx_word' id='word_1_264' title='bbox 501 1494 597 1542; x_wconf 85' lang='lat' dir='ltr'>ubiq3</span> <span class='ocrx_word' id='word_1_265' title='bbox 614 1494 801 1530; x_wconf 71' lang='lat' dir='ltr'>salsedinem</span> <span class='ocrx_word' id='word_1_266' title='bbox 812 1494 993 1534; x_wconf 77' lang='lat' dir='ltr'>marisesle.</span> <span class='ocrx_word' id='word_1_267' title='bbox 1003 1497 1127 1530; x_wconf 81' lang='lat' dir='ltr'>Pontus</span> <span class='ocrx_word' id='word_1_268' title='bbox 1139 1496 1379 1529; x_wconf 83' lang='lat' dir='ltr'>enimEuxinus</span> <span class='ocrx_word' id='word_1_269' title='bbox 1391 1506 1461 1529; x_wconf 89' lang='lat' dir='ltr'>non</span> <span class='ocrx_word' id='word_1_270' title='bbox 1471 1494 1515 1529; x_wconf 70' lang='lat' dir='ltr'>ita</span> <span class='ocrx_word' id='word_1_271' title='bbox 1524 1493 1623 1529; x_wconf 84' lang='lat' dir='ltr'>salsus</span> <span class='ocrx_word' id='word_1_272' title='bbox 1635 1495 1701 1534; x_wconf 62' lang='lat' dir='ltr'>esti,</span> <span class='ocrx_word' id='word_1_273' title='bbox 1716 1506 1754 1528; x_wconf 87' lang='lat' dir='ltr'>ur</span> <span class='ocrx_word' id='word_1_274' title='bbox 1763 1506 1804 1528; x_wconf 90' lang='lat' dir='ltr'>eo</span> <span class='ocrx_word' id='word_1_275' title='bbox 1820 1492 1979 1528; x_wconf 79' lang='lat' dir='ltr'>animalia</span> 
     </span>
     <span class='ocr_line' id='line_1_28' title="bbox 287 1541 1982 1593; baseline -0.001 -17"><span class='ocrx_word' id='word_1_276' title='bbox 287 1554 360 1577; x_wconf 82' lang='lat' dir='ltr'>non</span> <span class='ocrx_word' id='word_1_277' title='bbox 373 1544 493 1588; x_wconf 84' lang='lat' dir='ltr'>poffinr</span> <span class='ocrx_word' id='word_1_278' title='bbox 504 1545 792 1593; x_wconf 81' lang='lat' dir='ltr'>adaquari,ideoq;</span> <span class='ocrx_word' id='word_1_279' title='bbox 804 1543 1144 1592; x_wconf 72' lang='lat' dir='ltr'>congelatur‚adeo,ut</span> <span class='ocrx_word' id='word_1_280' title='bbox 1153 1543 1433 1592; x_wconf 81' lang='lat' dir='ltr'>subcopronymo</span> <span class='ocrx_word' id='word_1_281' title='bbox 1442 1546 1538 1578; x_wconf 78' lang='lat' dir='ltr'>centfi</span> <span class='ocrx_word' id='word_1_282' title='bbox 1552 1543 1746 1578; x_wconf 87' lang='lat' dir='ltr'>milliarium</span> <span class='ocrx_word' id='word_1_283' title='bbox 1755 1542 1874 1591; x_wconf 76' lang='lat' dir='ltr'>glacies</span> <span class='ocrx_word' id='word_1_284' title='bbox 1885 1541 1982 1589; x_wconf 82' lang='lat' dir='ltr'>plau-</span> 
     </span>
     <span class='ocr_line' id='line_1_29' title="bbox 290 1591 1980 1641; baseline -0.001 -15"><span class='ocrx_word' id='word_1_285' title='bbox 290 1592 356 1626; x_wconf 82' lang='lat' dir='ltr'>stra</span> <span class='ocrx_word' id='word_1_286' title='bbox 370 1591 482 1626; x_wconf 82' lang='lat' dir='ltr'>tulerit</span> <span class='ocrx_word' id='word_1_287' title='bbox 493 1592 668 1628; x_wconf 77' lang='lat' dir='ltr'>altitudine</span> <span class='ocrx_word' id='word_1_288' title='bbox 682 1596 817 1641; x_wconf 84' lang='lat' dir='ltr'>triginta</span> <span class='ocrx_word' id='word_1_289' title='bbox 827 1594 1031 1631; x_wconf 84' lang='lat' dir='ltr'>cubitorum.</span> <span class='ocrx_word' id='word_1_290' title='bbox 1062 1595 1190 1628; x_wconf 82' lang='lat' dir='ltr'>Oceani</span> <span class='ocrx_word' id='word_1_291' title='bbox 1199 1605 1310 1628; x_wconf 85' lang='lat' dir='ltr'>autern</span> <span class='ocrx_word' id='word_1_292' title='bbox 1321 1593 1431 1628; x_wconf 85' lang='lat' dir='ltr'>ultimi</span> <span class='ocrx_word' id='word_1_293' title='bbox 1443 1593 1714 1640; x_wconf 83' lang='lat' dir='ltr'>septentrionalis</span> <span class='ocrx_word' id='word_1_294' title='bbox 1722 1593 1861 1639; x_wconf 79' lang='lat' dir='ltr'>glaciem</span> <span class='ocrx_word' id='word_1_295' title='bbox 1871 1592 1980 1626; x_wconf 80' lang='lat' dir='ltr'>aestate</span> 
     </span>
     <span class='ocr_line' id='line_1_30' title="bbox 295 1640 1983 1691; baseline -0.001 -16"><span class='ocrx_word' id='word_1_296' title='bbox 295 1643 394 1675; x_wconf 84' lang='lat' dir='ltr'>etiam</span> <span class='ocrx_word' id='word_1_297' title='bbox 407 1640 580 1678; x_wconf 81' lang='lat' dir='ltr'>solstitiali,</span> <span class='ocrx_word' id='word_1_298' title='bbox 591 1642 642 1675; x_wconf 84' lang='lat' dir='ltr'>sex</span> <span class='ocrx_word' id='word_1_299' title='bbox 654 1642 775 1691; x_wconf 82' lang='lat' dir='ltr'>pedum</span> <span class='ocrx_word' id='word_1_300' title='bbox 785 1644 959 1677; x_wconf 80' lang='lat' dir='ltr'>altitudine</span> <span class='ocrx_word' id='word_1_301' title='bbox 968 1655 1073 1689; x_wconf 84' lang='lat' dir='ltr'>nuper</span> <span class='ocrx_word' id='word_1_302' title='bbox 1085 1642 1244 1677; x_wconf 87' lang='lat' dir='ltr'>Hollandi</span> <span class='ocrx_word' id='word_1_303' title='bbox 1253 1653 1460 1688; x_wconf 83' lang='lat' dir='ltr'>repererunt.</span> <span class='ocrx_word' id='word_1_304' title='bbox 1485 1643 1688 1688; x_wconf 86' lang='lat' dir='ltr'>Frigidarum</span> <span class='ocrx_word' id='word_1_305' title='bbox 1698 1653 1862 1676; x_wconf 86' lang='lat' dir='ltr'>zonarum</span> <span class='ocrx_word' id='word_1_306' title='bbox 1870 1641 1983 1675; x_wconf 87' lang='lat' dir='ltr'>Ocea-</span> 
     </span>
     <span class='ocr_line' id='line_1_31' title="bbox 295 1688 2016 1739; baseline 0 -15"><span class='ocrx_word' id='word_1_307' title='bbox 295 1688 476 1738; x_wconf 67' lang='lat' dir='ltr'>nusminus</span> <span class='ocrx_word' id='word_1_308' title='bbox 490 1690 587 1725; x_wconf 66' lang='lat' dir='ltr'>habet</span> <span class='ocrx_word' id='word_1_309' title='bbox 598 1690 782 1730; x_wconf 77' lang='lat' dir='ltr'>salsedinis‚</span> <span class='ocrx_word' id='word_1_310' title='bbox 807 1691 984 1739; x_wconf 75' lang='lat' dir='ltr'>crescitque</span> <span class='ocrx_word' id='word_1_311' title='bbox 997 1690 1110 1725; x_wconf 77' lang='lat' dir='ltr'>lenfim</span> <span class='ocrx_word' id='word_1_312' title='bbox 1129 1691 1336 1728; x_wconf 78' lang='lat' dir='ltr'>amaritudo,</span> <span class='ocrx_word' id='word_1_313' title='bbox 1359 1692 1470 1738; x_wconf 87' lang='lat' dir='ltr'>quoad</span> <span class='ocrx_word' id='word_1_314' title='bbox 1481 1691 1640 1725; x_wconf 85' lang='lat' dir='ltr'>torridam</span> <span class='ocrx_word' id='word_1_315' title='bbox 1655 1693 1790 1737; x_wconf 87' lang='lat' dir='ltr'>propius</span> <span class='ocrx_word' id='word_1_316' title='bbox 1801 1690 1985 1728; x_wconf 82' lang='lat' dir='ltr'>acceditur.</span> <span class='ocrx_word' id='word_1_317' title='bbox 2013 1698 2016 1699; x_wconf 72' lang='grc'>’</span> 
     </span>
     <span class='ocr_line' id='line_1_32' title="bbox 296 1738 1985 1788; baseline 0.001 -16"><span class='ocrx_word' id='word_1_318' title='bbox 296 1740 348 1772; x_wconf 84' lang='lat' dir='ltr'>Sic</span> <span class='ocrx_word' id='word_1_319' title='bbox 357 1741 453 1773; x_wconf 85' lang='lat' dir='ltr'>etiarn</span> <span class='ocrx_word' id='word_1_320' title='bbox 471 1751 729 1774; x_wconf 81' lang='lat' dir='ltr'>mareautumno</span> <span class='ocrx_word' id='word_1_321' title='bbox 739 1744 773 1775; x_wconf 68' lang='grc' dir='ltr'>ὃς</span> <span class='ocrx_word' id='word_1_322' title='bbox 790 1741 894 1775; x_wconf 79' lang='lat' dir='ltr'>:estate</span> <span class='ocrx_word' id='word_1_323' title='bbox 906 1738 1014 1774; x_wconf 69' lang='lat' dir='ltr'>salsius</span> <span class='ocrx_word' id='word_1_324' title='bbox 1026 1741 1072 1774; x_wconf 79' lang='lat' dir='ltr'>est</span> <span class='ocrx_word' id='word_1_325' title='bbox 1082 1763 1092 1778; x_wconf 92' lang='lat'>,</span> <span class='ocrx_word' id='word_1_326' title='bbox 1117 1740 1216 1786; x_wconf 75' lang='lat' dir='ltr'>quam</span> <span class='ocrx_word' id='word_1_327' title='bbox 1229 1740 1360 1786; x_wconf 75' lang='lat' dir='ltr'>hyeme.</span> <span class='ocrx_word' id='word_1_328' title='bbox 1412 1741 1460 1775; x_wconf 88' lang='lat' dir='ltr'>Ex</span> <span class='ocrx_word' id='word_1_329' title='bbox 1476 1752 1546 1788; x_wconf 86' lang='lat' dir='ltr'>quo</span> <span class='ocrx_word' id='word_1_330' title='bbox 1554 1739 1782 1774; x_wconf 80' lang='lat' dir='ltr'>universaliter</span> <span class='ocrx_word' id='word_1_331' title='bbox 1793 1739 1985 1779; x_wconf 80' lang='lat' dir='ltr'>deducitur,</span> 
     </span>
     <span class='ocr_line' id='line_1_33' title="bbox 295 1786 1983 1836; baseline 0 -14"><span class='ocrx_word' id='word_1_332' title='bbox 295 1790 398 1822; x_wconf 83' lang='lat' dir='ltr'>maria</span> <span class='ocrx_word' id='word_1_333' title='bbox 411 1787 480 1836; x_wconf 78' lang='lat' dir='ltr'>quo</span> <span class='ocrx_word' id='word_1_334' title='bbox 492 1787 647 1824; x_wconf 83' lang='lat' dir='ltr'>calidiora</span> <span class='ocrx_word' id='word_1_335' title='bbox 657 1788 774 1824; x_wconf 85' lang='lat' dir='ltr'>sunt&amp;</span> <span class='ocrx_word' id='word_1_336' title='bbox 786 1788 870 1824; x_wconf 88' lang='lat' dir='ltr'>Solis</span> <span class='ocrx_word' id='word_1_337' title='bbox 883 1789 990 1823; x_wconf 89' lang='lat' dir='ltr'>ardori</span> <span class='ocrx_word' id='word_1_338' title='bbox 1001 1791 1104 1835; x_wconf 82' lang='lat' dir='ltr'>magis</span> <span class='ocrx_word' id='word_1_339' title='bbox 1118 1787 1268 1835; x_wconf 77' lang='lat' dir='ltr'>opposita</span> <span class='ocrx_word' id='word_1_340' title='bbox 1278 1813 1287 1829; x_wconf 89' lang='lat'>,</span> <span class='ocrx_word' id='word_1_341' title='bbox 1312 1789 1353 1823; x_wconf 74' lang='grc' dir='ltr'>εὸ</span> <span class='ocrx_word' id='word_1_342' title='bbox 1363 1792 1480 1835; x_wconf 83' lang='lat' dir='ltr'>majori</span> <span class='ocrx_word' id='word_1_343' title='bbox 1496 1787 1657 1836; x_wconf 81' lang='lat' dir='ltr'>salsugine</span> <span class='ocrx_word' id='word_1_344' title='bbox 1671 1792 1707 1823; x_wconf 90' lang='lat' dir='ltr'>in</span> <span class='ocrx_word' id='word_1_345' title='bbox 1716 1786 1804 1823; x_wconf 70' lang='lat' dir='ltr'>festa</span> <span class='ocrx_word' id='word_1_346' title='bbox 1816 1790 1983 1834; x_wconf 88' lang='lat' dir='ltr'>comperi-</span> 
     </span>
     <span class='ocr_line' id='line_1_34' title="bbox 295 1837 1985 1884; baseline -0.001 -13"><span class='ocrx_word' id='word_1_347' title='bbox 295 1847 411 1875; x_wconf 73' lang='lat' dir='ltr'>untur.</span> <span class='ocrx_word' id='word_1_348' title='bbox 463 1839 564 1872; x_wconf 88' lang='lat' dir='ltr'>Ratio</span> <span class='ocrx_word' id='word_1_349' title='bbox 575 1838 621 1871; x_wconf 87' lang='lat' dir='ltr'>est</span> <span class='ocrx_word' id='word_1_350' title='bbox 633 1861 643 1876; x_wconf 87' lang='lat'>,</span> <span class='ocrx_word' id='word_1_351' title='bbox 668 1849 744 1872; x_wconf 86' lang='lat' dir='ltr'>nam</span> <span class='ocrx_word' id='word_1_352' title='bbox 756 1841 910 1882; x_wconf 83' lang='lat' dir='ltr'>majorem</span> <span class='ocrx_word' id='word_1_353' title='bbox 920 1837 1026 1872; x_wconf 89' lang='lat' dir='ltr'>dulcis</span> <span class='ocrx_word' id='word_1_354' title='bbox 1044 1849 1138 1884; x_wconf 84' lang='lat' dir='ltr'>aquae</span> <span class='ocrx_word' id='word_1_355' title='bbox 1149 1840 1277 1884; x_wconf 89' lang='lat' dir='ltr'>copiam</span> <span class='ocrx_word' id='word_1_356' title='bbox 1289 1838 1413 1872; x_wconf 88' lang='lat' dir='ltr'>attollit</span> <span class='ocrx_word' id='word_1_357' title='bbox 1423 1861 1433 1877; x_wconf 88' lang='lat'>‚</span> <span class='ocrx_word' id='word_1_358' title='bbox 1458 1842 1493 1872; x_wconf 91' lang='lat'>&amp;</span> <span class='ocrx_word' id='word_1_359' title='bbox 1508 1840 1542 1871; x_wconf 91' lang='lat' dir='ltr'>in</span> <span class='ocrx_word' id='word_1_360' title='bbox 1562 1850 1700 1884; x_wconf 88' lang='lat' dir='ltr'>vapores</span> <span class='ocrx_word' id='word_1_361' title='bbox 1711 1838 1898 1875; x_wconf 86' lang='lat' dir='ltr'>convertit,</span> <span class='ocrx_word' id='word_1_362' title='bbox 1922 1837 1985 1883; x_wconf 86' lang='lat' dir='ltr'>qui</span> 
     </span>
     <span class='ocr_line' id='line_1_35' title="bbox 294 1884 1983 1934; baseline -0.001 -14"><span class='ocrx_word' id='word_1_363' title='bbox 294 1884 377 1932; x_wconf 75' lang='lat' dir='ltr'>saepe</span> <span class='ocrx_word' id='word_1_364' title='bbox 385 1885 493 1921; x_wconf 71' lang='lat' dir='ltr'>versus</span> <span class='ocrx_word' id='word_1_365' title='bbox 506 1885 603 1934; x_wconf 88' lang='lat' dir='ltr'>polos</span> <span class='ocrx_word' id='word_1_366' title='bbox 613 1886 781 1924; x_wconf 82' lang='lat' dir='ltr'>recidunt.</span> <span class='ocrx_word' id='word_1_367' title='bbox 808 1887 962 1920; x_wconf 84' lang='lat' dir='ltr'>Praetetea</span> <span class='ocrx_word' id='word_1_368' title='bbox 974 1884 1032 1919; x_wconf 87' lang='lat' dir='ltr'>ubi</span> <span class='ocrx_word' id='word_1_369' title='bbox 1042 1884 1173 1933; x_wconf 80' lang='lat' dir='ltr'>longior</span> <span class='ocrx_word' id='word_1_370' title='bbox 1182 1886 1286 1920; x_wconf 83' lang='lat' dir='ltr'>imber</span> <span class='ocrx_word' id='word_1_371' title='bbox 1300 1898 1388 1920; x_wconf 83' lang='lat' dir='ltr'>mare</span> <span class='ocrx_word' id='word_1_372' title='bbox 1400 1889 1439 1920; x_wconf 91' lang='lat' dir='ltr'>de</span> <span class='ocrx_word' id='word_1_373' title='bbox 1450 1886 1536 1920; x_wconf 78' lang='lat' dir='ltr'>coelo</span> <span class='ocrx_word' id='word_1_374' title='bbox 1553 1886 1698 1933; x_wconf 85' lang='lat' dir='ltr'>perpluit</span> <span class='ocrx_word' id='word_1_375' title='bbox 1707 1910 1716 1924; x_wconf 94' lang='lat'><em>‚</em></span> <span class='ocrx_word' id='word_1_376' title='bbox 1741 1896 1799 1920; x_wconf 84' lang='lat' dir='ltr'>aut</span> <span class='ocrx_word' id='word_1_377' title='bbox 1808 1884 1866 1920; x_wconf 89' lang='lat' dir='ltr'>ubi</span> <span class='ocrx_word' id='word_1_378' title='bbox 1877 1889 1983 1930; x_wconf 84' lang='lat' dir='ltr'>major</span> 
     </span>
     <span class='ocr_line' id='line_1_36' title="bbox 294 1933 1985 1982; baseline -0.001 -13"><span class='ocrx_word' id='word_1_379' title='bbox 294 1947 388 1982; x_wconf 83' lang='lat' dir='ltr'>aquae</span> <span class='ocrx_word' id='word_1_380' title='bbox 407 1935 512 1970; x_wconf 87' lang='lat' dir='ltr'>dulcis</span> <span class='ocrx_word' id='word_1_381' title='bbox 536 1947 631 1982; x_wconf 84' lang='lat' dir='ltr'>copia</span> <span class='ocrx_word' id='word_1_382' title='bbox 648 1937 811 1970; x_wconf 88' lang='lat' dir='ltr'>corrivata</span> <span class='ocrx_word' id='word_1_383' title='bbox 838 1947 925 1969; x_wconf 86' lang='lat' dir='ltr'>mare</span> <span class='ocrx_word' id='word_1_384' title='bbox 948 1934 1080 1972; x_wconf 81' lang='lat' dir='ltr'>influit,</span> <span class='ocrx_word' id='word_1_385' title='bbox 1108 1936 1217 1969; x_wconf 88' lang='lat' dir='ltr'>minus</span> <span class='ocrx_word' id='word_1_386' title='bbox 1243 1933 1361 1970; x_wconf 84' lang='lat' dir='ltr'>salsum</span> <span class='ocrx_word' id='word_1_387' title='bbox 1387 1935 1509 1972; x_wconf 74' lang='lat' dir='ltr'>existit.</span> <span class='ocrx_word' id='word_1_388' title='bbox 1569 1936 1615 1969; x_wconf 74' lang='grc' dir='ltr'>Ιιὲ</span> <span class='ocrx_word' id='word_1_389' title='bbox 1628 1939 1660 1969; x_wconf 90' lang='lat' dir='ltr'>in</span> <span class='ocrx_word' id='word_1_390' title='bbox 1671 1936 1782 1970; x_wconf 83' lang='lat' dir='ltr'>littore</span> <span class='ocrx_word' id='word_1_391' title='bbox 1799 1933 1985 1969; x_wconf 84' lang='lat' dir='ltr'>Malabtico</span> 
     </span>
     <span class='ocr_line' id='line_1_37' title="bbox 296 1983 1986 2032; baseline -0.001 -13"><span class='ocrx_word' id='word_1_392' title='bbox 296 1983 466 2020; x_wconf 67' lang='lat' dir='ltr'>mensibus</span> <span class='ocrx_word' id='word_1_393' title='bbox 478 1983 652 2031; x_wconf 85' lang='lat' dir='ltr'>praesertim</span> <span class='ocrx_word' id='word_1_394' title='bbox 671 1984 869 2032; x_wconf 80' lang='lat' dir='ltr'>pluvialibus</span> <span class='ocrx_word' id='word_1_395' title='bbox 883 1995 1018 2031; x_wconf 81' lang='lat' dir='ltr'>propter</span> <span class='ocrx_word' id='word_1_396' title='bbox 1033 1996 1186 2031; x_wconf 82' lang='lat' dir='ltr'>magnam</span> <span class='ocrx_word' id='word_1_397' title='bbox 1202 1996 1294 2031; x_wconf 69' lang='lat' dir='ltr'>aquae</span> <span class='ocrx_word' id='word_1_398' title='bbox 1310 1987 1438 2031; x_wconf 69' lang='lat' dir='ltr'>copiim</span> <span class='ocrx_word' id='word_1_399' title='bbox 1450 2007 1461 2022; x_wconf 92' lang='lat'>,</span> <span class='ocrx_word' id='word_1_400' title='bbox 1487 1996 1560 2032; x_wconf 79' lang='lat' dir='ltr'>quae</span> <span class='ocrx_word' id='word_1_401' title='bbox 1569 1997 1609 2018; x_wconf 87' lang='lat' dir='ltr'>ex</span> <span class='ocrx_word' id='word_1_402' title='bbox 1620 1987 1786 2019; x_wconf 82' lang='lat' dir='ltr'>monrium</span> <span class='ocrx_word' id='word_1_403' title='bbox 1795 1983 1882 2031; x_wconf 76' lang='lat' dir='ltr'>jugis</span> <span class='ocrx_word' id='word_1_404' title='bbox 1893 1983 1986 2018; x_wconf 88' lang='lat' dir='ltr'>dela-</span> 
     </span>
     <span class='ocr_line' id='line_1_38' title="bbox 293 2032 1986 2081; baseline 0 -13"><span class='ocrx_word' id='word_1_405' title='bbox 293 2032 385 2068; x_wconf 82' lang='lat' dir='ltr'>bitur</span> <span class='ocrx_word' id='word_1_406' title='bbox 398 2058 408 2073; x_wconf 94' lang='lat'>‚</span> <span class='ocrx_word' id='word_1_407' title='bbox 433 2046 556 2080; x_wconf 84' lang='lat' dir='ltr'>aquam</span> <span class='ocrx_word' id='word_1_408' title='bbox 574 2036 687 2068; x_wconf 86' lang='lat' dir='ltr'>oceani</span> <span class='ocrx_word' id='word_1_409' title='bbox 697 2033 777 2080; x_wconf 71' lang='lat' dir='ltr'>pene</span> <span class='ocrx_word' id='word_1_410' title='bbox 790 2034 919 2069; x_wconf 89' lang='lat' dir='ltr'>dulcem</span> <span class='ocrx_word' id='word_1_411' title='bbox 935 2035 1162 2081; x_wconf 80' lang='lat' dir='ltr'>experiuntur.</span> <span class='ocrx_word' id='word_1_412' title='bbox 1211 2034 1370 2080; x_wconf 73' lang='lat' dir='ltr'>Cumque</span> <span class='ocrx_word' id='word_1_413' title='bbox 1383 2037 1416 2068; x_wconf 90' lang='lat' dir='ltr'>in</span> <span class='ocrx_word' id='word_1_414' title='bbox 1427 2033 1509 2068; x_wconf 76' lang='lat' dir='ltr'>locis</span> <span class='ocrx_word' id='word_1_415' title='bbox 1527 2033 1716 2068; x_wconf 70' lang='lat' dir='ltr'>uoreahbus</span> <span class='ocrx_word' id='word_1_416' title='bbox 1726 2046 1783 2080; x_wconf 85' lang='lat' dir='ltr'>per</span> <span class='ocrx_word' id='word_1_417' title='bbox 1791 2044 1900 2067; x_wconf 84' lang='lat' dir='ltr'>totum</span> <span class='ocrx_word' id='word_1_418' title='bbox 1915 2032 1986 2068; x_wconf 59' lang='lat' dir='ltr'>fer&amp;</span> 
     </span>
     <span class='ocr_line' id='line_1_39' title="bbox 296 2076 2019 2130; baseline -0.001 -13"><span class='ocrx_word' id='word_1_419' title='bbox 296 2095 424 2118; x_wconf 83' lang='lat' dir='ltr'>annum</span> <span class='ocrx_word' id='word_1_420' title='bbox 438 2083 547 2129; x_wconf 83' lang='lat' dir='ltr'>pluat,</span> <span class='ocrx_word' id='word_1_421' title='bbox 572 2082 610 2118; x_wconf 90' lang='lat' dir='ltr'>fit</span> <span class='ocrx_word' id='word_1_422' title='bbox 626 2083 722 2121; x_wconf 87' lang='lat' dir='ltr'>inde,</span> <span class='ocrx_word' id='word_1_423' title='bbox 749 2094 786 2118; x_wconf 92' lang='lat' dir='ltr'>ut</span> <span class='ocrx_word' id='word_1_424' title='bbox 800 2096 941 2118; x_wconf 86' lang='lat' dir='ltr'>oceanus</span> <span class='ocrx_word' id='word_1_425' title='bbox 960 2086 1059 2117; x_wconf 90' lang='lat' dir='ltr'>etiam</span> <span class='ocrx_word' id='word_1_426' title='bbox 1079 2081 1342 2130; x_wconf 82' lang='lat' dir='ltr'>septentrionalis</span> <span class='ocrx_word' id='word_1_427' title='bbox 1355 2086 1464 2117; x_wconf 80' lang='lat' dir='ltr'>minus</span> <span class='ocrx_word' id='word_1_428' title='bbox 1474 2081 1783 2119; x_wconf 76' lang='lat' dir='ltr'>habeatlalsedinis.</span> <span class='ocrx_word' id='word_1_429' title='bbox 1832 2076 2019 2130; x_wconf 61' lang='lat' dir='ltr'>Ingentes}²</span> 
     </span>
     <span class='ocr_line' id='line_1_40' title="bbox 296 2130 1986 2180; baseline 0.001 -15"><span class='ocrx_word' id='word_1_430' title='bbox 296 2144 435 2179; x_wconf 87' lang='lat' dir='ltr'>quoque</span> <span class='ocrx_word' id='word_1_431' title='bbox 452 2132 546 2167; x_wconf 83' lang='lat' dir='ltr'>fluvii</span> <span class='ocrx_word' id='word_1_432' title='bbox 556 2135 612 2180; x_wconf 86' lang='lat' dir='ltr'>qui</span> <span class='ocrx_word' id='word_1_433' title='bbox 626 2144 912 2180; x_wconf 80' lang='lat' dir='ltr'>magnaaquarum</span> <span class='ocrx_word' id='word_1_434' title='bbox 926 2131 1175 2179; x_wconf 82' lang='lat' dir='ltr'>dulcinmcopia</span> <span class='ocrx_word' id='word_1_435' title='bbox 1192 2135 1226 2166; x_wconf 90' lang='lat' dir='ltr'>in</span> <span class='ocrx_word' id='word_1_436' title='bbox 1240 2145 1328 2166; x_wconf 88' lang='lat' dir='ltr'>mare</span> <span class='ocrx_word' id='word_1_437' title='bbox 1342 2130 1410 2165; x_wconf 86' lang='lat' dir='ltr'>sese</span> <span class='ocrx_word' id='word_1_438' title='bbox 1429 2143 1612 2166; x_wconf 84' lang='lat' dir='ltr'>exonerant</span> <span class='ocrx_word' id='word_1_439' title='bbox 1639 2155 1648 2170; x_wconf 85' lang='lat'>‚</span> <span class='ocrx_word' id='word_1_440' title='bbox 1674 2131 1862 2166; x_wconf 80' lang='lat' dir='ltr'>salsedinem</span> <span class='ocrx_word' id='word_1_441' title='bbox 1885 2133 1986 2167; x_wconf 84' lang='lat' dir='ltr'>maris</span> 
     </span>
     <span class='ocr_line' id='line_1_41' title="bbox 295 2179 1988 2228; baseline 0.001 -14"><span class='ocrx_word' id='word_1_442' title='bbox 295 2181 383 2214; x_wconf 84' lang='lat' dir='ltr'>haud</span> <span class='ocrx_word' id='word_1_443' title='bbox 395 2182 601 2215; x_wconf 87' lang='lat' dir='ltr'>mediocriter</span> <span class='ocrx_word' id='word_1_444' title='bbox 611 2192 842 2227; x_wconf 73' lang='lat' dir='ltr'>attemperant.</span> <span class='ocrx_word' id='word_1_445' title='bbox 893 2180 941 2215; x_wconf 73' lang='lat' dir='ltr'>Ita</span> <span class='ocrx_word' id='word_1_446' title='bbox 954 2181 1074 2216; x_wconf 85' lang='lat' dir='ltr'>fluvius</span> <span class='ocrx_word' id='word_1_447' title='bbox 1084 2181 1332 2228; x_wconf 79' lang='lat' dir='ltr'>illemagnusin</span> <span class='ocrx_word' id='word_1_448' title='bbox 1344 2179 1485 2220; x_wconf 83' lang='lat' dir='ltr'>Brafilia,</span> <span class='ocrx_word' id='word_1_449' title='bbox 1511 2180 1613 2227; x_wconf 75' lang='lat' dir='ltr'>vulgo</span> <span class='ocrx_word' id='word_1_450' title='bbox 1627 2181 1683 2214; x_wconf 82' lang='lat' dir='ltr'>Rio</span> <span class='ocrx_word' id='word_1_451' title='bbox 1695 2179 1771 2214; x_wconf 82' lang='lat' dir='ltr'>della</span> <span class='ocrx_word' id='word_1_452' title='bbox 1782 2181 1867 2226; x_wconf 76' lang='lat' dir='ltr'>plata</span> <span class='ocrx_word' id='word_1_453' title='bbox 1879 2182 1988 2215; x_wconf 62' lang='lat' dir='ltr'>dicius</span> 
     </span>
     <span class='ocr_line' id='line_1_42' title="bbox 295 2228 1986 2277; baseline 0.001 -13"><span class='ocrx_word' id='word_1_454' title='bbox 295 2241 460 2264; x_wconf 84' lang='lat' dir='ltr'>oceanum</span> <span class='ocrx_word' id='word_1_455' title='bbox 471 2230 619 2264; x_wconf 85' lang='lat' dir='ltr'>influens</span> <span class='ocrx_word' id='word_1_456' title='bbox 633 2233 777 2271; x_wconf 77' lang='lat' dir='ltr'>ejusdem</span> <span class='ocrx_word' id='word_1_457' title='bbox 788 2243 889 2277; x_wconf 86' lang='lat' dir='ltr'>aquas</span> <span class='ocrx_word' id='word_1_458' title='bbox 898 2230 983 2264; x_wconf 86' lang='lat' dir='ltr'>ultra</span> <span class='ocrx_word' id='word_1_459' title='bbox 1000 2242 1010 2265; x_wconf 87' lang='grc' dir='ltr'><strong><em>ι</em></strong></span> <span class='ocrx_word' id='word_1_460' title='bbox 1022 2242 1050 2276; x_wconf 82' lang='grc' dir='ltr'>ς.</span> <span class='ocrx_word' id='word_1_461' title='bbox 1063 2229 1213 2264; x_wconf 86' lang='lat' dir='ltr'>milliaria</span> <span class='ocrx_word' id='word_1_462' title='bbox 1224 2229 1267 2264; x_wconf 72' lang='lat' dir='ltr'>ita</span> <span class='ocrx_word' id='word_1_463' title='bbox 1276 2240 1472 2274; x_wconf 84' lang='lat' dir='ltr'>attemperat</span> <span class='ocrx_word' id='word_1_464' title='bbox 1482 2232 1559 2264; x_wconf 90' lang='lat' dir='ltr'>utin</span> <span class='ocrx_word' id='word_1_465' title='bbox 1569 2241 1665 2276; x_wconf 78' lang='lat' dir='ltr'>grato</span> <span class='ocrx_word' id='word_1_466' title='bbox 1675 2230 1860 2265; x_wconf 89' lang='lat' dir='ltr'>dulcedinis</span> <span class='ocrx_word' id='word_1_467' title='bbox 1872 2228 1986 2276; x_wconf 86' lang='lat' dir='ltr'>sapore</span> 
     </span>
     <span class='ocr_line' id='line_1_43' title="bbox 293 2277 1853 2326; baseline 0.001 -13"><span class='ocrx_word' id='word_1_468' title='bbox 293 2277 490 2326; x_wconf 81' lang='lat' dir='ltr'>perseveret.</span> <span class='ocrx_word' id='word_1_469' title='bbox 541 2279 630 2313; x_wconf 89' lang='lat' dir='ltr'>ldem</span> <span class='ocrx_word' id='word_1_470' title='bbox 641 2277 710 2314; x_wconf 78' lang='lat' dir='ltr'>fere</span> <span class='ocrx_word' id='word_1_471' title='bbox 722 2282 888 2326; x_wconf 69' lang='lat' dir='ltr'>contingit</span> <span class='ocrx_word' id='word_1_472' title='bbox 899 2281 933 2312; x_wconf 89' lang='lat' dir='ltr'>in</span> <span class='ocrx_word' id='word_1_473' title='bbox 949 2278 1075 2317; x_wconf 89' lang='lat' dir='ltr'>Africa,</span> <span class='ocrx_word' id='word_1_474' title='bbox 1101 2278 1159 2313; x_wconf 89' lang='lat' dir='ltr'>ubi</span> <span class='ocrx_word' id='word_1_475' title='bbox 1170 2280 1266 2312; x_wconf 86' lang='lat' dir='ltr'>Zaire</span> <span class='ocrx_word' id='word_1_476' title='bbox 1281 2278 1404 2313; x_wconf 85' lang='lat' dir='ltr'>fluvius</span> <span class='ocrx_word' id='word_1_477' title='bbox 1417 2281 1450 2313; x_wconf 92' lang='lat' dir='ltr'>in</span> <span class='ocrx_word' id='word_1_478' title='bbox 1464 2280 1637 2313; x_wconf 84' lang='lat' dir='ltr'>Oceanum</span> <span class='ocrx_word' id='word_1_479' title='bbox 1647 2279 1853 2315; x_wconf 83' lang='lat' dir='ltr'>infunditur.</span> 
     </span>
     <span class='ocr_line' id='line_1_44' title="bbox 392 2325 1988 2375; baseline -0.001 -12"><span class='ocrx_word' id='word_1_480' title='bbox 392 2325 573 2363; x_wconf 67' lang='lat' dir='ltr'>Conclusio</span> <span class='ocrx_word' id='word_1_481' title='bbox 583 2327 731 2366; x_wconf 67' lang='lat' dir='ltr'>secunda.</span> <span class='ocrx_word' id='word_1_482' title='bbox 780 2331 858 2363; x_wconf 83' lang='lat' dir='ltr'>Haec</span> <span class='ocrx_word' id='word_1_483' title='bbox 869 2330 968 2363; x_wconf 81' lang='lat' dir='ltr'>maris</span> <span class='ocrx_word' id='word_1_484' title='bbox 977 2328 1098 2362; x_wconf 77' lang='lat' dir='ltr'>salsedo</span> <span class='ocrx_word' id='word_1_485' title='bbox 1109 2340 1176 2362; x_wconf 87' lang='lat' dir='ltr'>non</span> <span class='ocrx_word' id='word_1_486' title='bbox 1187 2330 1340 2374; x_wconf 85' lang='lat' dir='ltr'>provenit</span> <span class='ocrx_word' id='word_1_487' title='bbox 1350 2339 1505 2375; x_wconf 88' lang='lat' dir='ltr'>tanquam</span> <span class='ocrx_word' id='word_1_488' title='bbox 1514 2340 1554 2362; x_wconf 87' lang='lat' dir='ltr'>ex</span> <span class='ocrx_word' id='word_1_489' title='bbox 1564 2330 1658 2362; x_wconf 87' lang='lat' dir='ltr'>unica</span> <span class='ocrx_word' id='word_1_490' title='bbox 1669 2327 1761 2363; x_wconf 84' lang='lat' dir='ltr'>causa</span> <span class='ocrx_word' id='word_1_491' title='bbox 1780 2341 1820 2363; x_wconf 88' lang='lat' dir='ltr'>ex</span> <span class='ocrx_word' id='word_1_492' title='bbox 1832 2327 1988 2363; x_wconf 64' lang='lat' dir='ltr'>malcinis</span> 
     </span>
     <span class='ocr_line' id='line_1_45' title="bbox 298 2375 1988 2425; baseline 0 -14"><span class='ocrx_word' id='word_1_493' title='bbox 298 2377 377 2412; x_wconf 86' lang='lat' dir='ltr'>dine</span> <span class='ocrx_word' id='word_1_494' title='bbox 385 2375 638 2412; x_wconf 83' lang='lat' dir='ltr'>exhalationum</span> <span class='ocrx_word' id='word_1_495' title='bbox 649 2378 839 2413; x_wconf 89' lang='lat' dir='ltr'>adustarum</span> <span class='ocrx_word' id='word_1_496' title='bbox 855 2401 864 2416; x_wconf 94' lang='lat'>,</span> <span class='ocrx_word' id='word_1_497' title='bbox 891 2389 971 2424; x_wconf 75' lang='lat' dir='ltr'>quas</span> <span class='ocrx_word' id='word_1_498' title='bbox 984 2377 1002 2411; x_wconf 81' lang='grc' dir='ltr'>ὲ</span> <span class='ocrx_word' id='word_1_499' title='bbox 1018 2388 1102 2412; x_wconf 89' lang='lat' dir='ltr'>terra</span> <span class='ocrx_word' id='word_1_500' title='bbox 1119 2377 1173 2411; x_wconf 86' lang='lat' dir='ltr'>Sol</span> <span class='ocrx_word' id='word_1_501' title='bbox 1186 2377 1295 2411; x_wconf 86' lang='lat' dir='ltr'>educit</span> <span class='ocrx_word' id='word_1_502' title='bbox 1307 2400 1317 2415; x_wconf 89' lang='lat'><strong>,</strong></span> <span class='ocrx_word' id='word_1_503' title='bbox 1343 2380 1515 2425; x_wconf 85' lang='lat' dir='ltr'>ventisque</span> <span class='ocrx_word' id='word_1_504' title='bbox 1531 2377 1644 2415; x_wconf 77' lang='lat' dir='ltr'>delarae</span> <span class='ocrx_word' id='word_1_505' title='bbox 1661 2380 1695 2412; x_wconf 90' lang='lat' dir='ltr'>in</span> <span class='ocrx_word' id='word_1_506' title='bbox 1707 2390 1794 2412; x_wconf 83' lang='lat' dir='ltr'>mare</span> <span class='ocrx_word' id='word_1_507' title='bbox 1809 2378 1988 2418; x_wconf 77' lang='lat' dir='ltr'>decidunt,</span> 
     </span>
     <span class='ocr_line' id='line_1_46' title="bbox 297 2425 2021 2474; baseline -0.001 -12"><span class='ocrx_word' id='word_1_508' title='bbox 297 2430 420 2462; x_wconf 86' lang='lat' dir='ltr'>&amp;cum</span> <span class='ocrx_word' id='word_1_509' title='bbox 435 2438 519 2473; x_wconf 87' lang='lat' dir='ltr'>aqua</span> <span class='ocrx_word' id='word_1_510' title='bbox 528 2425 718 2464; x_wconf 82' lang='lat' dir='ltr'>miscentur.</span> <span class='ocrx_word' id='word_1_511' title='bbox 768 2429 871 2463; x_wconf 90' lang='lat' dir='ltr'>Ratio</span> <span class='ocrx_word' id='word_1_512' title='bbox 881 2427 926 2461; x_wconf 91' lang='lat' dir='ltr'>est</span> <span class='ocrx_word' id='word_1_513' title='bbox 935 2426 1067 2474; x_wconf 74' lang='lat' dir='ltr'>primo:</span> <span class='ocrx_word' id='word_1_514' title='bbox 1094 2429 1170 2474; x_wconf 89' lang='lat' dir='ltr'>quia</span> <span class='ocrx_word' id='word_1_515' title='bbox 1178 2425 1276 2461; x_wconf 83' lang='lat' dir='ltr'>exhal</span> <span class='ocrx_word' id='word_1_516' title='bbox 1314 2428 1422 2467; x_wconf 68' lang='lat' dir='ltr'>ones,</span> <span class='ocrx_word' id='word_1_517' title='bbox 1442 2425 1551 2474; x_wconf 75' lang='lat' dir='ltr'>quase</span> <span class='ocrx_word' id='word_1_518' title='bbox 1564 2438 1648 2461; x_wconf 85' lang='lat' dir='ltr'>terra</span> <span class='ocrx_word' id='word_1_519' title='bbox 1668 2427 1723 2461; x_wconf 89' lang='lat' dir='ltr'>Sol</span> <span class='ocrx_word' id='word_1_520' title='bbox 1738 2428 1848 2462; x_wconf 87' lang='lat' dir='ltr'>educit</span> <span class='ocrx_word' id='word_1_521' title='bbox 1858 2431 1892 2462; x_wconf 75' lang='grc' dir='ltr'>δε</span> <span class='ocrx_word' id='word_1_522' title='bbox 1902 2427 1985 2461; x_wconf 87' lang='lat' dir='ltr'>adu·</span> <span class='ocrx_word' id='word_1_523' title='bbox 2020 2446 2021 2450; x_wconf 66' lang='lat'><em>=</em></span> 
     </span>
     <span class='ocr_line' id='line_1_47' title="bbox 297 2437 1986 2522; baseline -0.001 -12"><span class='ocrx_word' id='word_1_524' title='bbox 297 2478 360 2517; x_wconf 82' lang='lat' dir='ltr'>tit,</span> <span class='ocrx_word' id='word_1_525' title='bbox 387 2488 457 2511; x_wconf 90' lang='lat' dir='ltr'>non</span> <span class='ocrx_word' id='word_1_526' title='bbox 469 2475 623 2511; x_wconf 87' lang='lat' dir='ltr'>videntur</span> <span class='ocrx_word' id='word_1_527' title='bbox 637 2474 783 2512; x_wconf 87' lang='lat' dir='ltr'>sufficere</span> <span class='ocrx_word' id='word_1_528' title='bbox 792 2477 830 2511; x_wconf 88' lang='lat' dir='ltr'>ad</span> <span class='ocrx_word' id='word_1_529' title='bbox 841 2487 947 2510; x_wconf 86' lang='lat' dir='ltr'>toturn</span> <span class='ocrx_word' id='word_1_530' title='bbox 960 2488 1048 2511; x_wconf 87' lang='lat' dir='ltr'>mare</span> <span class='ocrx_word' id='word_1_531' title='bbox 1060 2475 1242 2510; x_wconf 86' lang='lat' dir='ltr'>saliendum</span> <span class='ocrx_word' id='word_1_532' title='bbox 1254 2499 1264 2514; x_wconf 91' lang='lat'><em>‚</em></span> <span class='ocrx_word' id='word_1_533' title='bbox 1278 2437 1478 2522; x_wconf 46' lang='lat' dir='ltr'>afraesertim</span> <span class='ocrx_word' id='word_1_534' title='bbox 1498 2478 1688 2510; x_wconf 84' lang='lat' dir='ltr'>incurrente</span> <span class='ocrx_word' id='word_1_535' title='bbox 1702 2476 1792 2511; x_wconf 60' lang='lat' dir='ltr'>tanti</span> <span class='ocrx_word' id='word_1_536' title='bbox 1805 2476 1986 2511; x_wconf 83' lang='lat' dir='ltr'>fluminum</span> 
     </span>
     <span class='ocr_line' id='line_1_48' title="bbox 296 2523 2022 2573; baseline 0 -14"><span class='ocrx_word' id='word_1_537' title='bbox 296 2524 401 2571; x_wconf 55' lang='lat' dir='ltr'>copis.</span> <span class='ocrx_word' id='word_1_538' title='bbox 453 2525 702 2573; x_wconf 69' lang='lat' dir='ltr'>Secund&lt;3‚quia</span> <span class='ocrx_word' id='word_1_539' title='bbox 713 2528 810 2560; x_wconf 87' lang='lat' dir='ltr'>etiam</span> <span class='ocrx_word' id='word_1_540' title='bbox 823 2525 972 2565; x_wconf 83' lang='lat' dir='ltr'>flumina,</span> <span class='ocrx_word' id='word_1_541' title='bbox 998 2524 1263 2564; x_wconf 85' lang='lat' dir='ltr'>fontes,lacus&amp;</span> <span class='ocrx_word' id='word_1_542' title='bbox 1280 2523 1411 2572; x_wconf 86' lang='lat' dir='ltr'>paludes</span> <span class='ocrx_word' id='word_1_543' title='bbox 1423 2523 1547 2559; x_wconf 88' lang='lat' dir='ltr'>habent</span> <span class='ocrx_word' id='word_1_544' title='bbox 1563 2525 1753 2570; x_wconf 86' lang='lat' dir='ltr'>hujusmodi</span> <span class='ocrx_word' id='word_1_545' title='bbox 1763 2524 1988 2560; x_wconf 84' lang='lat' dir='ltr'>exhalationes</span> <span class='ocrx_word' id='word_1_546' title='bbox 2020 2539 2022 2543; x_wconf 65' lang='grc'>’</span> 
     </span>
     <span class='ocr_line' id='line_1_49' title="bbox 294 2573 1988 2622; baseline -0.001 -14"><span class='ocrx_word' id='word_1_547' title='bbox 294 2585 352 2608; x_wconf 87' lang='lat' dir='ltr'>aut</span> <span class='ocrx_word' id='word_1_548' title='bbox 363 2573 579 2609; x_wconf 81' lang='lat' dir='ltr'>admilcentur</span> <span class='ocrx_word' id='word_1_549' title='bbox 591 2574 703 2613; x_wconf 82' lang='lat' dir='ltr'>illis.&amp;</span> <span class='ocrx_word' id='word_1_550' title='bbox 715 2587 823 2609; x_wconf 84' lang='lat' dir='ltr'>tamen</span> <span class='ocrx_word' id='word_1_551' title='bbox 833 2587 901 2609; x_wconf 90' lang='lat' dir='ltr'>non</span> <span class='ocrx_word' id='word_1_552' title='bbox 914 2574 1115 2609; x_wconf 81' lang='lat' dir='ltr'>contrahunt</span> <span class='ocrx_word' id='word_1_553' title='bbox 1127 2573 1339 2612; x_wconf 83' lang='lat' dir='ltr'>salsedinem.</span> <span class='ocrx_word' id='word_1_554' title='bbox 1392 2573 1598 2622; x_wconf 76' lang='lat' dir='ltr'>Tertio‚quia</span> <span class='ocrx_word' id='word_1_555' title='bbox 1608 2574 1682 2609; x_wconf 69' lang='lat' dir='ltr'>cum</span> <span class='ocrx_word' id='word_1_556' title='bbox 1697 2587 1737 2609; x_wconf 89' lang='lat' dir='ltr'>ex</span> <span class='ocrx_word' id='word_1_557' title='bbox 1745 2577 1858 2622; x_wconf 89' lang='lat' dir='ltr'>aliquo</span> <span class='ocrx_word' id='word_1_558' title='bbox 1866 2585 1988 2620; x_wconf 88' lang='lat' dir='ltr'>corpo-</span> 
     </span>
     <span class='ocr_line' id='line_1_50' title="bbox 296 2622 1986 2671; baseline -0.001 -13"><span class='ocrx_word' id='word_1_559' title='bbox 296 2635 332 2658; x_wconf 82' lang='lat' dir='ltr'>re</span> <span class='ocrx_word' id='word_1_560' title='bbox 344 2626 376 2658; x_wconf 82' lang='lat' dir='ltr'>vi</span> <span class='ocrx_word' id='word_1_561' title='bbox 394 2622 511 2659; x_wconf 87' lang='lat' dir='ltr'>caloris</span> <span class='ocrx_word' id='word_1_562' title='bbox 523 2635 579 2658; x_wconf 86' lang='lat' dir='ltr'>aut</span> <span class='ocrx_word' id='word_1_563' title='bbox 593 2625 680 2671; x_wconf 83' lang='lat' dir='ltr'>ignis</span> <span class='ocrx_word' id='word_1_564' title='bbox 691 2624 862 2660; x_wconf 86' lang='lat' dir='ltr'>elevantur</span> <span class='ocrx_word' id='word_1_565' title='bbox 879 2623 1124 2664; x_wconf 84' lang='lat' dir='ltr'>exhalationes,</span> <span class='ocrx_word' id='word_1_566' title='bbox 1149 2624 1240 2669; x_wconf 84' lang='lat' dir='ltr'>quod</span> <span class='ocrx_word' id='word_1_567' title='bbox 1254 2623 1399 2659; x_wconf 85' lang='lat' dir='ltr'>elevatur</span> <span class='ocrx_word' id='word_1_568' title='bbox 1411 2636 1481 2658; x_wconf 85' lang='lat' dir='ltr'>nou</span> <span class='ocrx_word' id='word_1_569' title='bbox 1494 2623 1541 2658; x_wconf 87' lang='lat' dir='ltr'>est</span> <span class='ocrx_word' id='word_1_570' title='bbox 1556 2623 1602 2658; x_wconf 73' lang='lat' dir='ltr'>ita</span> <span class='ocrx_word' id='word_1_571' title='bbox 1620 2623 1735 2659; x_wconf 89' lang='lat' dir='ltr'>salsum</span> <span class='ocrx_word' id='word_1_572' title='bbox 1749 2648 1760 2663; x_wconf 89' lang='lat'><strong>,</strong></span> <span class='ocrx_word' id='word_1_573' title='bbox 1780 2622 1832 2657; x_wconf 89' lang='lat' dir='ltr'>sed</span> <span class='ocrx_word' id='word_1_574' title='bbox 1842 2634 1913 2669; x_wconf 88' lang='lat' dir='ltr'>pars</span> <span class='ocrx_word' id='word_1_575' title='bbox 1926 2635 1986 2669; x_wconf 85' lang='lat' dir='ltr'>po-</span> 
     </span>
     <span class='ocr_line' id='line_1_51' title="bbox 297 2670 2024 2720; baseline 0.001 -14"><span class='ocrx_word' id='word_1_576' title='bbox 297 2671 368 2707; x_wconf 69' lang='lat' dir='ltr'>tius</span> <span class='ocrx_word' id='word_1_577' title='bbox 385 2672 447 2707; x_wconf 86' lang='lat' dir='ltr'>fixa</span> <span class='ocrx_word' id='word_1_578' title='bbox 459 2696 470 2712; x_wconf 91' lang='lat'><strong>,</strong></span> <span class='ocrx_word' id='word_1_579' title='bbox 494 2673 566 2720; x_wconf 63' lang='lat' dir='ltr'>[quae</span> <span class='ocrx_word' id='word_1_580' title='bbox 576 2684 723 2708; x_wconf 85' lang='lat' dir='ltr'>remanet</span> <span class='ocrx_word' id='word_1_581' title='bbox 734 2698 748 2719; x_wconf 90' lang='lat'>,</span> <span class='ocrx_word' id='word_1_582' title='bbox 772 2673 818 2708; x_wconf 87' lang='lat' dir='ltr'>est</span> <span class='ocrx_word' id='word_1_583' title='bbox 829 2670 917 2712; x_wconf 84' lang='lat' dir='ltr'>salsa,</span> <span class='ocrx_word' id='word_1_584' title='bbox 970 2674 1063 2707; x_wconf 87' lang='lat' dir='ltr'>Patet</span> <span class='ocrx_word' id='word_1_585' title='bbox 1078 2673 1139 2708; x_wconf 85' lang='lat' dir='ltr'>hoc</span> <span class='ocrx_word' id='word_1_586' title='bbox 1151 2673 1369 2712; x_wconf 63' lang='lat' dir='ltr'>inductione,</span> <span class='ocrx_word' id='word_1_587' title='bbox 1394 2684 1469 2707; x_wconf 82' lang='lat' dir='ltr'>nam</span> <span class='ocrx_word' id='word_1_588' title='bbox 1480 2671 1598 2720; x_wconf 88' lang='lat' dir='ltr'>siaqua</span> <span class='ocrx_word' id='word_1_589' title='bbox 1610 2671 1687 2708; x_wconf 88' lang='lat' dir='ltr'>salsa</span> <span class='ocrx_word' id='word_1_590' title='bbox 1701 2672 1883 2709; x_wconf 87' lang='lat' dir='ltr'>distilletur,</span> <span class='ocrx_word' id='word_1_591' title='bbox 1894 2672 1988 2717; x_wconf 65' lang='lat' dir='ltr'>qued</span> <span class='ocrx_word' id='word_1_592' title='bbox 2016 2713 2024 2719; x_wconf 32' lang='grc' dir='ltr'><em>Α</em></span> 
     </span>
     <span class='ocr_line' id='line_1_52' title="bbox 296 2720 2026 2771; baseline -0.001 -16"><span class='ocrx_word' id='word_1_593' title='bbox 296 2722 445 2756; x_wconf 88' lang='lat' dir='ltr'>elevatur</span> <span class='ocrx_word' id='word_1_594' title='bbox 454 2721 499 2757; x_wconf 89' lang='lat' dir='ltr'>est</span> <span class='ocrx_word' id='word_1_595' title='bbox 512 2720 708 2769; x_wconf 77' lang='lat' dir='ltr'>insipidum,</span> <span class='ocrx_word' id='word_1_596' title='bbox 732 2722 776 2756; x_wconf 80' lang='lat' dir='ltr'>sal</span> <span class='ocrx_word' id='word_1_597' title='bbox 786 2733 935 2757; x_wconf 88' lang='lat' dir='ltr'>remanet</span> <span class='ocrx_word' id='word_1_598' title='bbox 956 2723 991 2757; x_wconf 90' lang='lat' dir='ltr'>in</span> <span class='ocrx_word' id='word_1_599' title='bbox 1013 2721 1146 2771; x_wconf 74' lang='lat' dir='ltr'>fund03</span> <span class='ocrx_word' id='word_1_600' title='bbox 1170 2725 1206 2758; x_wconf 89' lang='lat' dir='ltr'>in</span> <span class='ocrx_word' id='word_1_601' title='bbox 1226 2722 1301 2758; x_wconf 90' lang='lat' dir='ltr'>cibo</span> <span class='ocrx_word' id='word_1_602' title='bbox 1319 2733 1551 2761; x_wconf 85' lang='lat' dir='ltr'>excrementa,</span> <span class='ocrx_word' id='word_1_603' title='bbox 1577 2736 1648 2771; x_wconf 82' lang='lat' dir='ltr'>quae</span> <span class='ocrx_word' id='word_1_604' title='bbox 1658 2722 1988 2758; x_wconf 83' lang='lat' dir='ltr'>subsidunt&amp;rema-</span> <span class='ocrx_word' id='word_1_605' title='bbox 2013 2741 2026 2769; x_wconf 46' lang='lat'><strong>4</strong></span> 
     </span>
     <span class='ocr_line' id='line_1_53' title="bbox 299 2769 2025 2820; baseline 0.001 -17"><span class='ocrx_word' id='word_1_606' title='bbox 299 2782 391 2809; x_wconf 90' lang='lat' dir='ltr'>nent,</span> <span class='ocrx_word' id='word_1_607' title='bbox 403 2772 479 2806; x_wconf 85' lang='lat' dir='ltr'>sunt</span> <span class='ocrx_word' id='word_1_608' title='bbox 494 2770 570 2806; x_wconf 85' lang='lat' dir='ltr'>salsa</span> <span class='ocrx_word' id='word_1_609' title='bbox 580 2784 607 2807; x_wconf 88' lang='lat' dir='ltr'>e.</span> <span class='ocrx_word' id='word_1_610' title='bbox 616 2784 650 2819; x_wconf 78' lang='lat' dir='ltr'>g.</span> <span class='ocrx_word' id='word_1_611' title='bbox 662 2773 754 2807; x_wconf 89' lang='lat' dir='ltr'>urina</span> <span class='ocrx_word' id='word_1_612' title='bbox 763 2772 808 2805; x_wconf 87' lang='lat' dir='ltr'>est</span> <span class='ocrx_word' id='word_1_613' title='bbox 818 2770 896 2805; x_wconf 91' lang='lat' dir='ltr'>salsa</span> <span class='ocrx_word' id='word_1_614' title='bbox 910 2769 1150 2820; x_wconf 73' lang='lat' dir='ltr'>&amp;generaliter</span> <span class='ocrx_word' id='word_1_615' title='bbox 1167 2784 1242 2807; x_wconf 82' lang='lat' dir='ltr'>cuna</span> <span class='ocrx_word' id='word_1_616' title='bbox 1257 2771 1383 2819; x_wconf 89' lang='lat' dir='ltr'>aliquid</span> <span class='ocrx_word' id='word_1_617' title='bbox 1402 2771 1614 2807; x_wconf 88' lang='lat' dir='ltr'>comburitur</span> <span class='ocrx_word' id='word_1_618' title='bbox 1623 2796 1634 2811; x_wconf 87' lang='lat'><strong>,</strong></span> <span class='ocrx_word' id='word_1_619' title='bbox 1659 2775 1744 2807; x_wconf 88' lang='lat' dir='ltr'>cinis</span> <span class='ocrx_word' id='word_1_620' title='bbox 1754 2782 1927 2806; x_wconf 77' lang='lat' dir='ltr'>remanens</span> <span class='ocrx_word' id='word_1_621' title='bbox 1939 2771 1987 2805; x_wconf 86' lang='lat' dir='ltr'>est</span> <span class='ocrx_word' id='word_1_622' title='bbox 2018 2778 2025 2817; x_wconf 47' lang='lat'>3⁵</span> 
     </span>
     <span class='ocr_line' id='line_1_54' title="bbox 297 2817 2025 2869; baseline 0.001 -18"><span class='ocrx_word' id='word_1_623' title='bbox 297 2818 395 2853; x_wconf 68' lang='lat' dir='ltr'>salsus</span> <span class='ocrx_word' id='word_1_624' title='bbox 408 2821 530 2868; x_wconf 87' lang='lat' dir='ltr'>idoque</span> <span class='ocrx_word' id='word_1_625' title='bbox 541 2819 562 2854; x_wconf 87' lang='lat' dir='ltr'>fi</span> <span class='ocrx_word' id='word_1_626' title='bbox 574 2833 660 2868; x_wconf 87' lang='lat' dir='ltr'>aqua</span> <span class='ocrx_word' id='word_1_627' title='bbox 670 2832 726 2868; x_wconf 90' lang='lat' dir='ltr'>pet</span> <span class='ocrx_word' id='word_1_628' title='bbox 740 2821 1021 2856; x_wconf 72' lang='lat' dir='ltr'>cineremoletur</span> <span class='ocrx_word' id='word_1_629' title='bbox 1034 2845 1045 2860; x_wconf 89' lang='lat'>‚</span> <span class='ocrx_word' id='word_1_630' title='bbox 1064 2821 1102 2856; x_wconf 88' lang='lat' dir='ltr'>fit</span> <span class='ocrx_word' id='word_1_631' title='bbox 1112 2820 1278 2860; x_wconf 86' lang='lat' dir='ltr'>lixivium,</span> <span class='ocrx_word' id='word_1_632' title='bbox 1302 2821 1393 2869; x_wconf 89' lang='lat' dir='ltr'>quod</span> <span class='ocrx_word' id='word_1_633' title='bbox 1402 2820 1448 2855; x_wconf 88' lang='lat' dir='ltr'>est</span> <span class='ocrx_word' id='word_1_634' title='bbox 1459 2821 1590 2858; x_wconf 82' lang='lat' dir='ltr'>salium.</span> <span class='ocrx_word' id='word_1_635' title='bbox 1640 2820 1783 2865; x_wconf 71' lang='lat' dir='ltr'>Quarto,</span> <span class='ocrx_word' id='word_1_636' title='bbox 1795 2822 1874 2866; x_wconf 87' lang='lat' dir='ltr'>quia</span> <span class='ocrx_word' id='word_1_637' title='bbox 1884 2817 1906 2853; x_wconf 85' lang='lat' dir='ltr'>fi</span> <span class='ocrx_word' id='word_1_638' title='bbox 1920 2820 1988 2854; x_wconf 78' lang='lat' dir='ltr'>hu·</span> <span class='ocrx_word' id='word_1_639' title='bbox 2023 2822 2025 2824; x_wconf 84' lang='lat'>&#39;</span> 
     </span>
     <span class='ocr_line' id='line_1_55' title="bbox 297 2868 2022 2918; baseline 0.002 -18"><span class='ocrx_word' id='word_1_640' title='bbox 297 2869 439 2911; x_wconf 79' lang='lat' dir='ltr'>jusmodi</span> <span class='ocrx_word' id='word_1_641' title='bbox 452 2869 676 2904; x_wconf 83' lang='lat' dir='ltr'>exhalationes</span> <span class='ocrx_word' id='word_1_642' title='bbox 695 2882 787 2917; x_wconf 84' lang='lat' dir='ltr'>aquae</span> <span class='ocrx_word' id='word_1_643' title='bbox 803 2870 956 2904; x_wconf 78' lang='lat' dir='ltr'>admixtae</span> <span class='ocrx_word' id='word_1_644' title='bbox 970 2894 980 2911; x_wconf 88' lang='lat'>,</span> <span class='ocrx_word' id='word_1_645' title='bbox 1005 2882 1076 2905; x_wconf 89' lang='lat' dir='ltr'>eam</span> <span class='ocrx_word' id='word_1_646' title='bbox 1097 2870 1208 2905; x_wconf 84' lang='lat' dir='ltr'>salsam</span> <span class='ocrx_word' id='word_1_647' title='bbox 1235 2869 1399 2906; x_wconf 83' lang='lat' dir='ltr'>efficerent</span> <span class='ocrx_word' id='word_1_648' title='bbox 1411 2893 1420 2909; x_wconf 85' lang='lat'><em>‚</em></span> <span class='ocrx_word' id='word_1_649' title='bbox 1445 2873 1542 2905; x_wconf 88' lang='lat' dir='ltr'>etiam</span> <span class='ocrx_word' id='word_1_650' title='bbox 1557 2869 1669 2918; x_wconf 86' lang='lat' dir='ltr'>pluvia</span> <span class='ocrx_word' id='word_1_651' title='bbox 1689 2875 1724 2905; x_wconf 88' lang='lat'>&amp;</span> <span class='ocrx_word' id='word_1_652' title='bbox 1747 2872 1804 2903; x_wconf 84' lang='lat' dir='ltr'>nix</span> <span class='ocrx_word' id='word_1_653' title='bbox 1819 2892 1830 2907; x_wconf 93' lang='lat'><em>‚</em></span> <span class='ocrx_word' id='word_1_654' title='bbox 1860 2868 1986 2915; x_wconf 85' lang='lat' dir='ltr'>quibus</span> <span class='ocrx_word' id='word_1_655' title='bbox 2013 2874 2022 2878; x_wconf 82' lang='grc'><strong><em>”</em></strong></span> 
     </span>
     <span class='ocr_line' id='line_1_56' title="bbox 298 2916 2023 2969; baseline 0.002 -20"><span class='ocrx_word' id='word_1_656' title='bbox 298 2916 456 2950; x_wconf 81' lang='lat' dir='ltr'>immixtae</span> <span class='ocrx_word' id='word_1_657' title='bbox 476 2919 549 2952; x_wconf 87' lang='lat' dir='ltr'>sunt</span> <span class='ocrx_word' id='word_1_658' title='bbox 561 2917 640 2953; x_wconf 85' lang='lat' dir='ltr'>tales</span> <span class='ocrx_word' id='word_1_659' title='bbox 654 2918 894 2958; x_wconf 83' lang='lat' dir='ltr'>exhalationes,</span> <span class='ocrx_word' id='word_1_660' title='bbox 918 2918 1145 2954; x_wconf 87' lang='lat' dir='ltr'>deberenteffe</span> <span class='ocrx_word' id='word_1_661' title='bbox 1162 2918 1266 2959; x_wconf 62' lang='lat' dir='ltr'>salsae,</span> <span class='ocrx_word' id='word_1_662' title='bbox 1285 2920 1377 2969; x_wconf 88' lang='lat' dir='ltr'>quod</span> <span class='ocrx_word' id='word_1_663' title='bbox 1387 2930 1497 2954; x_wconf 89' lang='lat' dir='ltr'>tamen</span> <span class='ocrx_word' id='word_1_664' title='bbox 1507 2920 1552 2955; x_wconf 89' lang='lat' dir='ltr'>est</span> <span class='ocrx_word' id='word_1_665' title='bbox 1571 2932 1684 2956; x_wconf 85' lang='lat' dir='ltr'>contra</span> <span class='ocrx_word' id='word_1_666' title='bbox 1701 2921 1951 2965; x_wconf 81' lang='lat' dir='ltr'>experientiam,</span> <span class='ocrx_word' id='word_1_667' title='bbox 2020 2959 2023 2963; x_wconf 27' lang='grc' dir='ltr'>ι</span> 
     </span>
     <span class='ocr_line' id='line_1_57' title="bbox 399 2965 2023 3018; baseline 0.002 -19"><span class='ocrx_word' id='word_1_668' title='bbox 399 2965 500 3008; x_wconf 74' lang='lat' dir='ltr'>Qiod</span> <span class='ocrx_word' id='word_1_669' title='bbox 510 2977 619 3001; x_wconf 84' lang='lat' dir='ltr'>tamen</span> <span class='ocrx_word' id='word_1_670' title='bbox 631 2968 789 3013; x_wconf 64' lang='lat' dir='ltr'>praedielae</span> <span class='ocrx_word' id='word_1_671' title='bbox 798 2966 1021 3003; x_wconf 85' lang='lat' dir='ltr'>exhalationes</span> <span class='ocrx_word' id='word_1_672' title='bbox 1031 2968 1150 3004; x_wconf 82' lang='lat' dir='ltr'>adustae</span> <span class='ocrx_word' id='word_1_673' title='bbox 1167 2969 1295 3018; x_wconf 87' lang='lat' dir='ltr'>aliquid</span> <span class='ocrx_word' id='word_1_674' title='bbox 1309 2967 1503 3008; x_wconf 79' lang='lat' dir='ltr'>conferant,</span> <span class='ocrx_word' id='word_1_675' title='bbox 1533 2983 1602 3004; x_wconf 88' lang='lat' dir='ltr'>non</span> <span class='ocrx_word' id='word_1_676' title='bbox 1615 2968 1752 3003; x_wconf 75' lang='lat' dir='ltr'>omnino</span> <span class='ocrx_word' id='word_1_677' title='bbox 1763 2966 1988 3014; x_wconf 82' lang='lat' dir='ltr'>improbabile</span> <span class='ocrx_word' id='word_1_678' title='bbox 2020 2971 2023 2974; x_wconf 74' lang='grc'>’</span> 
     </span>
     <span class='ocr_line' id='line_1_58' title="bbox 302 3011 2024 3065; baseline 0.002 -19"><span class='ocrx_word' id='word_1_679' title='bbox 302 3011 362 3051; x_wconf 80' lang='lat' dir='ltr'>est.</span> <span class='ocrx_word' id='word_1_680' title='bbox 414 3014 502 3048; x_wconf 81' lang='lat' dir='ltr'>Nam</span> <span class='ocrx_word' id='word_1_681' title='bbox 514 3014 607 3062; x_wconf 88' lang='lat' dir='ltr'>sapor</span> <span class='ocrx_word' id='word_1_682' title='bbox 620 3015 715 3052; x_wconf 87' lang='lat' dir='ltr'>salsus</span> <span class='ocrx_word' id='word_1_683' title='bbox 724 3019 985 3065; x_wconf 83' lang='lat' dir='ltr'>provenitetiam</span> <span class='ocrx_word' id='word_1_684' title='bbox 997 3018 1013 3051; x_wconf 77' lang='lat' dir='ltr'>a</span> <span class='ocrx_word' id='word_1_685' title='bbox 1028 3020 1248 3064; x_wconf 83' lang='lat' dir='ltr'>permixtione</span> <span class='ocrx_word' id='word_1_686' title='bbox 1273 3018 1402 3054; x_wconf 84' lang='lat' dir='ltr'>humidi</span> <span class='ocrx_word' id='word_1_687' title='bbox 1421 3021 1455 3053; x_wconf 88' lang='lat'>&amp;</span> <span class='ocrx_word' id='word_1_688' title='bbox 1470 3017 1653 3054; x_wconf 71' lang='lat' dir='ltr'>ficciadustr</span> <span class='ocrx_word' id='word_1_689' title='bbox 1673 3016 1690 3051; x_wconf 79' lang='grc' dir='ltr'>εὶ</span> <span class='ocrx_word' id='word_1_690' title='bbox 1705 3015 1833 3053; x_wconf 84' lang='lat' dir='ltr'>calore,</span> <span class='ocrx_word' id='word_1_691' title='bbox 1859 3029 1926 3050; x_wconf 79' lang='lat' dir='ltr'>non</span> <span class='ocrx_word' id='word_1_692' title='bbox 1939 3027 1990 3054; x_wconf 67' lang='lat' dir='ltr'>ta-,</span> <span class='ocrx_word' id='word_1_693' title='bbox 2020 3034 2024 3038; x_wconf 63' lang='lat'><em>›</em></span> 
     </span>
     <span class='ocr_line' id='line_1_59' title="bbox 301 3064 2023 3113; baseline 0.003 -19"><span class='ocrx_word' id='word_1_694' title='bbox 301 3073 379 3096; x_wconf 81' lang='lat' dir='ltr'>rnen</span> <span class='ocrx_word' id='word_1_695' title='bbox 388 3073 427 3095; x_wconf 90' lang='lat' dir='ltr'>ex</span> <span class='ocrx_word' id='word_1_696' title='bbox 437 3072 510 3096; x_wconf 89' lang='lat' dir='ltr'>toto</span> <span class='ocrx_word' id='word_1_697' title='bbox 519 3064 644 3099; x_wconf 70' lang='lat' dir='ltr'>decoffi</span> <span class='ocrx_word' id='word_1_698' title='bbox 658 3089 669 3105; x_wconf 87' lang='lat'><strong>,</strong></span> <span class='ocrx_word' id='word_1_699' title='bbox 693 3077 730 3101; x_wconf 90' lang='lat' dir='ltr'>ut</span> <span class='ocrx_word' id='word_1_700' title='bbox 742 3077 830 3113; x_wconf 85' lang='lat' dir='ltr'>patet</span> <span class='ocrx_word' id='word_1_701' title='bbox 842 3069 877 3101; x_wconf 87' lang='lat' dir='ltr'>in</span> <span class='ocrx_word' id='word_1_702' title='bbox 889 3065 1017 3105; x_wconf 82' lang='lat' dir='ltr'>sudore,</span> <span class='ocrx_word' id='word_1_703' title='bbox 1029 3066 1147 3102; x_wconf 83' lang='lat' dir='ltr'>lixivio</span> <span class='ocrx_word' id='word_1_704' title='bbox 1157 3090 1167 3106; x_wconf 91' lang='lat'>‚</span> <span class='ocrx_word' id='word_1_705' title='bbox 1183 3067 1256 3102; x_wconf 90' lang='lat' dir='ltr'>talis</span> <span class='ocrx_word' id='word_1_706' title='bbox 1267 3078 1376 3103; x_wconf 84' lang='lat' dir='ltr'>autem</span> <span class='ocrx_word' id='word_1_707' title='bbox 1387 3067 1516 3102; x_wconf 76' lang='lat' dir='ltr'>adustio</span> <span class='ocrx_word' id='word_1_708' title='bbox 1536 3067 1581 3102; x_wconf 87' lang='lat' dir='ltr'>est</span> <span class='ocrx_word' id='word_1_709' title='bbox 1599 3069 1634 3101; x_wconf 89' lang='lat' dir='ltr'>in</span> <span class='ocrx_word' id='word_1_710' title='bbox 1655 3068 1792 3100; x_wconf 87' lang='lat' dir='ltr'>terrenis</span> <span class='ocrx_word' id='word_1_711' title='bbox 1805 3066 1991 3100; x_wconf 57' lang='lat' dir='ltr'>exhalarioa</span> <span class='ocrx_word' id='word_1_712' title='bbox 2016 3084 2023 3107; x_wconf 60' lang='lat' dir='ltr'>t&lt;-</span> 
     </span>
     <span class='ocr_line' id='line_1_60' title="bbox 300 3110 2019 3166; baseline -0.002 -14"><span class='ocrx_word' id='word_1_713' title='bbox 300 3110 399 3145; x_wconf 76' lang='lat' dir='ltr'>nibUS</span> <span class='ocrx_word' id='word_1_714' title='bbox 410 3114 492 3145; x_wconf 62' lang='lat' dir='ltr'>mati</span> <span class='ocrx_word' id='word_1_715' title='bbox 501 3115 682 3157; x_wconf 56' lang='lat' dir='ltr'>permixti&amp;</span> <span class='ocrx_word' id='word_1_716' title='bbox 733 3115 895 3164; x_wconf 83' lang='lat' dir='ltr'>Analogia</span> <span class='ocrx_word' id='word_1_717' title='bbox 903 3114 948 3150; x_wconf 88' lang='lat' dir='ltr'>est</span> <span class='ocrx_word' id='word_1_718' title='bbox 959 3117 1057 3150; x_wconf 90' lang='lat' dir='ltr'>etiam</span> <span class='ocrx_word' id='word_1_719' title='bbox 1068 3114 1107 3150; x_wconf 89' lang='lat' dir='ltr'>ab</span> <span class='ocrx_word' id='word_1_720' title='bbox 1117 3116 1264 3153; x_wconf 86' lang='lat' dir='ltr'>humano</span> <span class='ocrx_word' id='word_1_721' title='bbox 1272 3129 1421 3166; x_wconf 87' lang='lat' dir='ltr'>corpote,</span> <span class='ocrx_word' id='word_1_722' title='bbox 1437 3119 1472 3152; x_wconf 90' lang='lat' dir='ltr'>in</span> <span class='ocrx_word' id='word_1_723' title='bbox 1494 3129 1566 3164; x_wconf 88' lang='lat' dir='ltr'>quo</span> <span class='ocrx_word' id='word_1_724' title='bbox 1584 3114 1672 3150; x_wconf 86' lang='lat' dir='ltr'>calor</span> <span class='ocrx_word' id='word_1_725' title='bbox 1684 3114 1935 3151; x_wconf 75' lang='lat' dir='ltr'>nativusdulces</span> <span class='ocrx_word' id='word_1_726' title='bbox 1944 3124 1996 3148; x_wconf 85' lang='lat' dir='ltr'>et·</span> <span class='ocrx_word' id='word_1_727' title='bbox 2013 3120 2019 3155; x_wconf 63' lang='grc' dir='ltr'>ξ</span> 
     </span>
     <span class='ocr_line' id='line_1_61' title="bbox 295 3158 2021 3207; baseline 0.001 -11"><span class='ocrx_word' id='word_1_728' title='bbox 295 3163 361 3197; x_wconf 80' lang='lat' dir='ltr'>iam</span> <span class='ocrx_word' id='word_1_729' title='bbox 371 3158 461 3207; x_wconf 76' lang='lat' dir='ltr'>cibos</span> <span class='ocrx_word' id='word_1_730' title='bbox 476 3162 513 3196; x_wconf 84' lang='lat' dir='ltr'>iu</span> <span class='ocrx_word' id='word_1_731' title='bbox 522 3158 637 3197; x_wconf 87' lang='lat' dir='ltr'>salsum</span> <span class='ocrx_word' id='word_1_732' title='bbox 648 3164 820 3200; x_wconf 83' lang='lat' dir='ltr'>humorem</span> <span class='ocrx_word' id='word_1_733' title='bbox 830 3164 992 3202; x_wconf 88' lang='lat' dir='ltr'>resolvere</span> <span class='ocrx_word' id='word_1_734' title='bbox 1007 3165 1189 3203; x_wconf 81' lang='lat' dir='ltr'>consuevit.</span> <span class='ocrx_word' id='word_1_735' title='bbox 1888 3164 1989 3207; x_wconf 64' lang='lat' dir='ltr'>eon-,-</span> <span class='ocrx_word' id='word_1_736' title='bbox 2018 3164 2021 3165; x_wconf 68' lang='grc'>’</span> 
     </span>
    </p>
   </div>
   <div class='ocr_carea' id='block_1_7' title="bbox 1879 3242 1896 3259">
    <p class='ocr_par' dir='ltr' id='par_1_7' title="bbox 1879 3242 1896 3259">
     <span class='ocr_line' id='line_1_62' title="bbox 1879 3242 1896 3259; baseline 0 0"><span class='ocrx_word' id='word_1_737' title='bbox 1879 3242 1896 3259; x_wconf 68' lang='lat'>⁴⁴</span> 
     </span>
    </p>
   </div>
  </div>
 </body>
</html>
