2060 3444
1268 171 1278 184 ξ

307 181 405 245 148
933 174 1309 245 Mereorologia

305 270 489 294 memoratu
504 260 631 307 grando
641 260 694 295 illa
705 260 749 295 est
765 284 774 300 ,
798 260 862 309 qnz'i
876 262 965 295 Deus
979 262 1127 307 percussit
1141 262 1357 301 Pharaonem,
1371 258 1542 307 fueritque
1553 257 1640 291 haud
1650 254 1747 292 dubie
1758 258 1901 293 inanima
1912 249 1992 290 {itm

307 309 342 342 in
353 320 421 343 tota
437 322 523 344 terra
545 313 676 356 AEgypti
689 311 729 344 ab
740 311 875 346 homine
886 314 988 357 usque
999 312 1037 345 ad
1049 314 1193 354 iumenta
1207 334 1215 350 ‚
1242 310 1462 358 cundi-amque
1478 307 1613 344 herbam
1631 311 1663 340 δ]
1680 308 1805 347 lignum
1817 306 1989 351 confrege-

305 360 368 394 rit.
392 370 429 392 ut
442 358 570 398 constat
583 372 621 392 ex
635 359 681 393 lib
705 361 844 394 Exodic.
862 371 899 405 9.
926 363 1087 406 parit-er&
1101 361 1156 395 illa
1168 359 1440 408 grandoinsolitae
1452 358 1555 394 fuerit
1573 358 1823 404 magnitudinis,
1839 369 1901 404 qua
1919 359 1993 388 Do-

303 409 416 442 minus
429 409 464 441 in
475 410 657 443 exercitum
670 412 955 458 quinqueRegum
966 410 1077 444 urbem
1089 412 1226 444 Gabaon
1241 408 1464 444 obsidentium
1490 406 1624 442 immisit
1638 430 1647 446 ,
1670 405 1750 438 duni
1765 408 1897 440 testatur
1907 404 1993 438 sacer

311 467 421 490 textus
440 455 497 489 lib.
509 456 608 501 Josue
623 470 655 491 ca
661 471 693 506 p.
720 470 771 496 ιο.
795 462 827 493 ξι
842 463 954 493 mortui
964 463 1035 505 sunt
1048 461 1245 506 multoplures
1263 456 1408 504 lapidibus
1412 457 1577 505 grandinis
1590 481 1600 497 ,
1624 457 1717 502 quam
1732 467 1806 500 quos
1816 456 1917 502 gladio
1922 462 1992 501 per-

305 505 516 551 cufflruntfilii
524 507 627 550 lsrael.
677 511 766 542 Inter
776 508 937 555 prodigia,
947 521 1017 554 quae
1028 507 1713 555 HyerololimitaniRegniChristianorum
1723 505 1886 538 excidium
1902 513 1991 537 anno

308 556 412 600 1187.
431 554 449 588 ὲ
470 555 624 591 Saladino
644 560 802 606 AEgyptio
814 557 941 591 illatum
956 557 1135 605 praecessere
1150 560 1254 603 Tyrio
1266 569 1469 592 memorante
1482 581 1492 596 ‚
1519 566 1634 604 praeter
1655 553 1802 588 insuetos
1814 564 1902 588 terra·
1917 565 1989 587 mo-

301 614 354 637 tus
374 626 384 641 ‚
408 615 524 639 ventos
538 617 684 646 atroces,
710 606 787 642 solis
810 605 980 645 defectus,
1007 620 1094 641 mare
1115 608 1215 641 solito
1233 606 1307 640 aestu
1324 608 1442 650 majore
1462 606 1648 641 redundans
1660 607 1761 637 ‘etiam
1784 605 1908 649 grando
1921 602 1988 636 fre-

307 664 412 696 quens
422 654 523 688 instar
533 659 589 691 ovi
598 655 740 691 anserini
751 656 837 690 coelo
847 657 981 696 decidit,
1034 659 1134 692 Ratio
1146 656 1224 690 vero
1241 654 1504 700 naturalishujus
1513 654 1752 702 magnitudinis
1763 655 1849 686 inter
1858 663 1989 686 coeteras

301 700 452 748 superins
463 715 638 740 annotatas
652 718 720 740 nori
734 706 899 753 postrema
915 705 960 740 est
979 717 1088 753 pugna
1112 717 1290 740 ventorum
1305 705 1506 753 rigidorum,
1530 716 1604 752 quae
1617 705 1787 736 materiam
1798 703 1990 749 grandinis,

297 751 378 785 dum
392 753 498 787 adhuc
510 754 644 789 mollior
656 756 714 793 est,
740 759 775 789 &
786 767 844 789 ceu
859 758 943 790 nivis
953 753 1189 803 colliquescens
1200 757 1283 788 inter
1297 752 1326 788 se
1337 756 1422 788 varie
1434 753 1575 793 collidit,
1585 754 1662 789 &in
1676 752 1890 798 grandiorem
1902 751 1970 784 mol
1982 773 1988 779 -

299 799 366 835 lem
376 801 593 841 confoederat.
649 806 751 849 Quod
762 806 800 838 ad
815 805 952 852 figuram
965 806 1164 840 ordinariam
1185 804 1355 852 grandinis
1365 806 1484 837 attinet
1496 827 1505 841 ‚
1530 815 1568 837 rea
1586 805 1755 837 interdum
1765 802 1810 835 est
1825 801 1967 834 rotunda
1977 821 1989 841 ‚

299 850 467 885 interdum
480 849 643 899 angularis
657 853 706 888 vel
719 853 840 891 ovalis.
863 856 1022 889 Rotunda
1035 853 1091 894 est,
1119 852 1280 900 quandoa
1291 864 1374 887 terra
1393 864 1568 900 generatur
1584 851 1747 886 remotius
1759 874 1769 889 ,
1794 851 1990 885 altiusenim

299 899 426 947 delapsa
442 905 522 936 aeris
536 904 690 937 contaCtu
701 906 852 938 atteritur
862 916 914 950 atq
922 916 960 937 ue
972 904 1181 937 rotundatur.·
1231 901 1407 950 Angularis
1419 903 1615 948 est‚quando
1623 909 1798 946 generatur
1812 904 1915 947 prope
1926 911 1993 934 ter·
2037 923 2040 926 <

300 961 369 983 ram
382 949 517 985 sicenim
533 965 599 986 non
613 962 799 987 atteruntur
812 952 911 986 latera
925 952 1006 996 ejus.
1057 952 1173 987 Ovalis
1186 952 1265 986 vero
1275 953 1359 986 cadit
1368 959 1407 985 e‘x
1423 949 1632 986 insufficienti
1644 951 1751 983 adhuc
1761 953 1876 984 attritu
1888 953 1922 983 δε
1932 951 1986 983 in-

299 998 415 1046 aequali
426 1003 582 1035 conrastu
593 1004 699 1047 ab'ri33
726 1014 781 1035 aut
795 1005 984 1035 comitantis
994 1004 1177 1049 grandinis.
1237 1002 1337 1045 Quod
1348 1000 1547 1035 fiinterdum
1559 1004 1592 1035 in
1605 997 1934 1048 globulisgrandium
1946 998 1988 1033 li-

297 1061 362 1095 gna
380 1048 447 1091 pilii
462 1051 557 1096 paleae
569 1052 709 1085 arenulae
722 1050 905 1098 similesque
916 1050 1101 1098 quisquiliae
1113 1052 1318 1098 reperiantur
1328 1073 1338 1090 ‚
1355 1059 1424 1084 ‘non
1435 1051 1500 1085 haec
1517 1053 1678 1084 contiuuo
1691 1051 1860 1094 praeitigiis
1871 1048 1990 1083 adscri-

301 1099 405 1131 benda
423 1112 498 1132 nam
512 1099 564 1132 bic
584 1100 672 1133 calor
686 1100 825 1134 coelestis
836 1101 960 1134 auxilio
974 1112 1149 1134 ventorum
1163 1112 1226 1133 una
1241 1113 1315 1134 cum
1329 1111 1450 1146 vapore
1464 1100 1588 1151 (urin-m
1599 1097 1738 1134 evehere
1750 1122 1759 1139 ‚
1785 1100 1820 1133 δε
1832 1101 1879 1134 vis
1891 1098 1989 1139 deiru

299 1147 339 1181 de
352 1147 488 1194 frigoris
497 1149 703 1196 congelando
714 1161 868 1195 vaporem
882 1150 1086 1196 agglutinare
1097 1172 1106 1187 ‚
1131 1153 1165 1184 &
1180 1148 1319 1183 inserere
1328 1151 1450 1195 potuit·

399 1198 470 1230 Cur
483 1208 591 1231 autern
604 1198 757 1243 grandini
769 1197 935 1232 interdurn
945 1201 1106 1244 imagines
1122 1198 1268 1233 mirificae
1282 1200 1447 1232 variorum
1459 1194 1651 1233 animalium
1661 1198 1868 1243 aliarumque
1877 1204 1988 1232 rerum

298 1243 363 1279 fint
373 1245 529 1291 imprelsae
541 1269 551 1284 ‚
577 1247 739 1294 explicatu
752 1247 796 1281 est
807 1246 950 1282 difficile.
1003 1242 1158 1282 Albertus
1172 1249 1306 1295 quidem
1321 1249 1463 1295 Magnus
1474 1248 1490 1282 a
1502 1250 1624 1283 virtute
1642 1272 1652 1289 ,
1678 1253 1712 1284 &
1725 1247 1827 1283 nimia
1837 1245 1988 1280 calidita-

296 1305 328 1328 te
345 1319 355 1332 ,
377 1295 426 1330 vel
441 1294 595 1342 singulari
611 1296 722 1342 aliqua
733 1296 982 1331 constellatione
992 1297 1176 1332 coelestium
1191 1310 1368 1343 corporum
1391 1301 1447 1331 has
1464 1299 1676 1343 imaginesita
1690 1298 1897 1332 conformari
1909 1307 1990 1329 cen-

294 1343 355 1381 set.
410 1347 481 1391 Ego
491 1347 555 1379 haec
567 1348 600 1380 δ(
613 1344 728 1379 fimilia
738 1348 822 1380 inter
832 1358 983 1393 portenta
997 1356 1146 1385 numero⁴
1199 1347 1294 1380 Tales
1304 1348 1504 1394 grandinum
1516 1346 1635 1393 species
1647 1344 1880 1382 memorabiles
1890 1346 1991 1379 Naur-

297 1392 406 1428 clerus
427 1394 583 1429 describi:
597 1418 606 1433 .
640 1407 780 1442 quarum
797 1408 831 1430 ea
843 1419 852 1433 ,
885 1408 956 1443 quae
974 1408 1064 1429 anno
1088 1406 1188 1441 1240.
1208 1400 1360 1430 Cremonae
1372 1396 1491 1430 decidit
1503 1418 1513 1432 ,
1541 1408 1663 1430 nucum
1678 1396 1909 1443 magnitudine
1922 1397 1990 1428 im·-

297 1442 436 1489 prass'am
452 1446 557 1478 crucis
568 1443 707 1490 figuram
718 1444 902 1492 faciemque
912 1445 1035 1479 Christi
1051 1445 1220 1490 adscriptis
1230 1444 1356 1483 verbis:
1385 1447 1401 1489 J
1414 1446 1437 1479 E
1448 1445 1467 1479 S
1477 1447 1507 1478 U
1517 1445 1536 1478 S
1554 1446 1587 1479 N
1600 1448 1626 1479 A
1638 1448 1665 1479 Z
1677 1449 1702 1479 A
1714 1448 1745 1481 R
1756 1448 1780 1480 E
1793 1444 1827 1478 N
1837 1445 1866 1477 U
1877 1444 1896 1476 S
1905 1453 1988 1477 con·

296 1494 409 1527 tinuit.
463 1493 573 1528 Altera
583 1495 708 1528 veroin
718 1495 920 1540 Regionibus
932 1493 1242 1541 septentrionalibus
1252 1501 1420 1541 ann0139
1429 1505 1461 1538 5.
1479 1496 1587 1529 menie
1599 1495 1748 1542 Augusto
1758 1493 1910 1531 decidens
1923 1493 1987 1526 hu·

297 1553 408 1576 manas
420 1540 517 1577 facies
526 1542 677 1578 exhibuit
690 1565 700 1582 ,
724 1547 814 1585 cujus
835 1547 1040 1578 mentionem
1055 1556 1190 1590 quoque
1204 1542 1280 1578 facit
1294 1544 1472 1578 Crantzius
1487 1542 1576 1586 l‘b9.
1598 1544 1737 1582 Vandal,
1753 1555 1823 1591 cap.
1835 1542 1984 1588 42adum

296 1603 484 1625 memorato
501 1604 590 1626 anno
611 1596 694 1626 circa
709 1589 887 1640 Assumptae
902 1595 947 1630 D,
970 1595 1117 1640 Virginis
1136 1592 1255 1627 festum
1273 1596 1307 1627 in
1322 1594 1463 1627 Saxonia
1475 1591 1621 1627 cecidiffe
1639 1594 1749 1629 scribit
1769 1593 1964 1641 grandinem
1976 1610 1988 1632 ‚

296 1653 368 1687 quae
382 1640 631 1675 humanaefaciei
647 1645 826 1688 imaginem
845 1641 1035 1687 praetulerit.
1088 1641 1224 1676 Barbara
1239 1644 1353 1688 inquit
1370 1644 1517 1676 virorum
1533 1640 1740 1678 faeminarum
1755 1642 1833 1677 verc‘)
1843 1641 1990 1687 crispan-

295 1689 382 1723 tibus
392 1690 545 1725 involuta
556 1692 658 1738 peplis
669 1692 781 1738 imago
793 1692 826 1724 in
838 1693 998 1739 grandine
1009 1690 1216 1726 cernebatur.
1267 1690 1452 1724 Ludovicus
1462 1689 1674 1727 Clavitellius
1688 1691 1988 1738 meminitgrandi·

288 1741 340 1773 nis
355 1737 511 1787 sanguine
521 1743 629 1774 mixtae
639 1764 648 1780 ‚
676 1752 747 1787 quae
758 1744 792 1774 in
806 1753 886 1788 agro
899 1739 1095 1774 Bononiensi
1111 1740 1150 1773 ad
1167 1744 1302 1773 Annum
1313 1740 1436 1774 Christi
1450 1739 1554 1787 15237.
1570 1741 1681 1776 mense
1691 1741 1838 1788 Augusto
1850 1741 1987 1781 cecidit.

286 1790 322 1823 in
333 1801 368 1822 ea
385 1791 522 1823 inventa
548 1787 623 1823 sunt
639 1801 759 1836 grana,
785 1800 858 1836 quae
870 1791 1015 1836 pondere
1034 1789 1133 1823 libras
1145 1791 1197 1828 73.
1211 1788 1426 1826 excesserunt.
1475 1792 1550 1824 ‘Hoc
1563 1803 1602 1825 ex
1614 1791 1724 1825 eadem
1741 1793 1870 1825 rarione
1883 1800 1983 1825 natu-

289 1837 402 1872 raliter
415 1839 608 1884 contitigere
624 1841 735 1885 potuit
747 1861 757 1876 ,
784 1850 851 1886 qua
869 1839 1015 1884 pluviam
1030 1837 1244 1885 sanguineam
1257 1838 1327 1872 fieri
1343 1836 1487 1884 superius
1500 1843 1746 1877 annotavimus.

389 1887 572 1922 Conclusio
586 1899 714 1935 quarta.
744 1889 958 1935 Frequentius
970 1897 1045 1921 vere
1060 1891 1093 1921 &
1104 1898 1266 1920 autumno
1279 1889 1454 1934 grandines
1464 1889 1622 1924 decidunt
1633 1917 1644 1935 ‚
1666 1891 1745 1924 teste
1758 1887 1982 1924 Arilla-Met.

297 1949 353 1975 12.
368 1937 479 1972 tnint‘is
491 1936 682 1985 frequenter
693 1940 726 1972 in
741 1937 846 1972 aestate
860 1960 870 1976 ‚
898 1948 1069 1983 nunquam
1081 1959 1091 1974 ‚
1117 1947 1173 1970 aut
1188 1937 1386 1970 rarillimein
1399 1938 1530 1982 hyeme.
1578 1941 1681 1975 Ratio
1696 1940 1757 1984 est,
1783 1940 1861 1985 quia
1878 1941 1911 1972 in
1926 1951 1983 1972 ve-

294 1996 328 2018 te
351 1990 555 2022 &autumno
566 1986 653 2021 calor
665 1985 874 2021 (afficiendus
884 1986 970 2020 adest
982 2010 991 2024 ‚
1023 1988 1080 2033 qui
1098 1988 1239 2019 excitare
1254 1985 1348 2031 poffit
1374 1996 1529 2032 vapores,
1553 1991 1611 2036 qui
1626 1989 1745 2023 deinde
1762 1989 1779 2023 ὲ
1796 1986 1981 2035 frigiditate

293 2044 351 2078 pet
369 2035 606 2077 antiperistafin
616 2038 709 2072 aucta
720 2036 815 2071 facile
826 2035 1009 2082 constringi
1025 2033 1174 2082 possunt.
1199 2037 1374 2069 Autumno
1387 2047 1496 2071 autem
1508 2035 1732 2086 saepiusquam
1743 2049 1817 2073 vete
1830 2039 1981 2084 htgran-

294 2083 363 2126 dog
389 2083 552 2128 quiact‘tua
561 2097 741 2122 autumnus
759 2086 907 2121 succedat
920 2085 1027 2119 calido
1039 2085 1154 2118 aestatis
1165 2087 1306 2129 tempori
1320 2107 1330 2122 ,
1357 2097 1455 2131 vapor
1475 2088 1582 2135 magis
1593 2089 1638 2123 est
1658 2089 1797 2122 idoneus
1813 2088 1851 2120 ad
1862 2088 1982 2122 celeri-

296 2141 344 2165 ter
355 2133 388 2165 &
397 2130 562 2166 dutiffime
574 2135 826 2178 congelandum.
878 2138 915 2169 ln
929 2134 1035 2168 aestate
1049 2133 1160 2167 minus
1170 2132 1363 2178 Frequenter
1374 2138 1550 2183 contingit,
1578 2137 1618 2172 eo
1628 2136 1718 2185 quod
1730 2136 1787 2172 Sol
1803 2139 1980 2173 materiam

296 2178 388 2226 paene
399 2192 533 2214 omnem
544 2182 713 2227 grandinis
720 2184 895 2222 consumit.
924 2183 960 2217 In
971 2183 1087 2228 hyeme
1100 2194 1209 2216 autem
1221 2193 1356 2228 propter
1373 2180 1592 2229 frigiditatem
1605 2199 1704 2235 poros
1715 2198 1807 2222 tetrae
1818 2199 1878 2220 con
1885 2186 1982 2222 strin-

295 2240 444 2277 gentem,
467 2239 565 2276 atque
576 2241 710 2276 vapores
721 2232 871 2268 exhalare
882 2231 1116 2279 prohibentem
1128 2255 1137 2270 ‚
1166 2231 1242 2264 raro
1255 2254 1264 2269 ‚
1291 2241 1347 2265 aut
1366 2243 1537 2279 nunquam
1554 2247 1742 2280 generatus,
1796 2237 1914 2270 Eadem
1929 2249 1981 2270 ra-

296 2282 345 2313 tio
358 2276 402 2312 est
414 2301 424 2317 ‚
449 2290 505 2312 cut
516 2278 708 2326 plerumque
721 2280 848 2328 grando
861 2285 944 2316 circa
956 2282 1127 2316 meridiem
1139 2308 1151 2328 ,
1177 2279 1252 2314 raro
1270 2282 1355 2314 circa
1379 2292 1489 2314 ortum
1511 2286 1544 2316 &
1562 2284 1712 2320 occasum
1726 2283 1808 2320 Solis
1819 2285 1976 2320 rariffime

295 2327 398 2362 noetu
409 2328 557 2362 decidere
569 2327 669 2364 soleat
680 2353 690 2368 ,
718 2331 798 2377 quia
808 2329 928 2375 nempe
937 2331 975 2364 ad
987 2328 1182 2365 elevandam
1199 2331 1328 2375 copiam
1351 2329 1566 2366 sufficientem
1581 2332 1832 2369 exhalationum
1850 2347 1976 2382 coagu-

296 2373 438 2412 lamium
449 2379 809 2427 requiriturtempestas
820 2397 830 2417 s
855 2382 889 2413 δέ
903 2380 982 2413 hora
996 2375 1110 2416 calida.
1162 2379 1292 2414 Deinde
1303 2402 1314 2418 ‚
1341 2381 1416 2424 quia
1428 2379 1618 2428 coagulatio
1627 2383 1798 2429 grandinis
1809 2382 1889 2417 {olet
1903 2395 1978 2430 pro-

295 2427 410 2461 cedere
419 2438 458 2461 ex
470 2426 682 2472 antiperistafi
691 2452 701 2467 ‚
729 2429 782 2464 seu
791 2427 1109 2467 circumobfistentia
1122 2430 1293 2465 contrarii.
1328 2430 1416 2463 Sicut
1426 2431 1516 2464 enim
1535 2443 1629 2478 aquae
1640 2431 1799 2475 puteales,
1812 2444 1883 2479 quae
1895 2433 1974 2478 hye-

296 2487 350 2510 me
363 2473 435 2510 sunt
446 2477 563 2522 repidae
573 2499 583 2516 ,
611 2478 717 2513 aestate
726 2479 871 2514 evadunt
882 2476 1096 2525 frigidissimae
1109 2501 1118 2518 ‚
1142 2478 1181 2511 eo
1196 2477 1286 2525 quod
1297 2475 1398 2525 frigus
1411 2490 1546 2526 propter
1555 2479 1764 2515 obsidionem
1777 2480 1906 2519 caloris,
1921 2495 1974 2516 re-

296 2528 324 2559 ci
351 2527 395 2559 iat
411 2524 489 2560 sein
501 2527 668 2572 protundo
678 2533 792 2576 tertaeg
818 2529 862 2561 ita
874 2539 947 2561 cum
957 2538 1074 2575 magna
1085 2529 1179 2571 copia
1190 2539 1350 2574 aquarum
1365 2527 1379 2563 a
1390 2540 1491 2563 vento
1503 2529 1671 2564 detinetur
1684 2554 1694 2569 ,
1720 2535 1755 2565 δε
1774 2527 1941 2565 obsidetur
1953 2532 1970 2566 ὲ

295 2536 406 2609 calore
417 2575 600 2611 meridiano
614 2603 625 2622 ‚
652 2576 745 2612 valde
758 2575 884 2625 frigefit
900 2600 908 2614 .
931 2580 965 2611 &
979 2576 1198 2623 congelascit3
1224 2580 1258 2611 &
1268 2588 1344 2623 quta
1354 2578 1452 2612 nostu
1467 2605 1480 2626 ‚
1507 2579 1602 2613 mane
1614 2584 1647 2615 &
1661 2579 1792 2627 vespere
1801 2591 1891 2627 aquae
1901 2592 1971 2615 non

294 2622 489 2659 obfidentur
508 2622 549 2660 ab
569 2626 699 2661 intenso
724 2625 831 2661 calore
843 2648 852 2663 ,
876 2637 943 2660 non
960 2623 1043 2660 solet
1061 2625 1131 2660 fieri
1146 2626 1286 2673 grando.
1338 2627 1369 2661 Si
1382 2639 1488 2662 tamen
1501 2641 1541 2663 ex
1550 2628 1613 2664 alia
1624 2629 1715 2664 causa
1732 2626 1969 2675 infrigidemur

295 2672 531 2715 vehementer,
554 2677 642 2725 quod
653 2676 727 2712 raro
735 2676 902 2722 contingit
914 2697 925 2714 ,
951 2684 1022 2711 turn
1047 2687 1162 2722 praeter
1180 2687 1306 2710 morem
1316 2678 1440 2724 grando
1456 2688 1635 2725 generatur
1645 2681 1746 2714 etiam
1756 2678 1823 2713 istis
1837 2688 1970 2726 rempo-

298 2716 405 2758 tibus.
1885 2724 1887 2726 ’

401 2774 536 2814 Quaeres
549 2770 669 2821 primo,
693 2771 764 2810 Cur
777 2783 882 2822 aqua,
907 2774 923 2809 ὲ
939 2788 1002 2824 qua
1013 2769 1186 2824 fitgrando
1200 2798 1211 2815 ‚
1234 2775 1370 2812 celei-iiis
1379 2772 1582 2825 congeletur.
1633 2773 1842 2824 Respondm,
1867 2779 1973 2813 ratio-

297 2832 375 2855 nem
385 2820 447 2856 effe
456 2844 465 2859 »
492 2827 566 2869 quia
579 2827 700 2860 retinet
712 2826 746 2859 in
756 2823 786 2860 se
798 2824 921 2870 aliquid
943 2825 1059 2860 caloris
1073 2849 1083 2864 ,
1105 2839 1206 2873 quem
1218 2826 1257 2859 ad
1268 2827 1561 2876 conglaciationem
1572 2827 1713 2863 multum
1727 2825 1877 2862 conferre
1888 2840 1972 2863 con-

295 2869 358 2904 stat
376 2869 599 2919 experientiag
624 2871 782 2923 liquidem
800 2886 884 2921 aqua
897 2873 1119 2917 praecalefacsta
1139 2875 1264 2922 §rigido
1276 2877 1358 2911 coelo
1377 2876 1545 2923 exposita,
1571 2873 1748 2924 impensitis
1765 2875 1969 2926 celeriusque

296 2917 538 2966 refrigeratur3
565 2923 727 2958 nimirum
740 2946 750 2962 ‚
777 2925 855 2971 quia
865 2922 952 2958 calor
962 2934 1083 2972 aquarn
1100 2934 1270 2964 attenuat,
1295 2931 1326 2962 Sc
1337 2926 1511 2973 rarefacitg
1535 2927 1691 2962 rarefacta
1700 2925 1786 2960 hosti
1797 2928 1902 2977 magis
1914 2938 1972 2974 pa·
2022 2934 2027 2972 ἕ

296 2977 368 3011 tet,
392 2968 523 3016 ejusque
540 2972 606 3005 vim
625 2974 853 3008 incuneizanter
871 2975 985 3020 recipit
997 2986 1011 3015 ,⁴
1034 2974 1312 3022 quemadmodum
1326 2980 1362 3012 δε
1387 2973 1483 3012 densa
1501 2976 1545 3012 ob
1563 2977 1704 3012 materiae
1715 2974 1968 3014 multitudinem

295 3017 497 3064 pertinacius
505 3018 646 3066 tefistit3
673 3024 717 3056 ita
729 3019 785 3062 fit,
812 3032 851 3058 ut
863 3032 945 3071 aqua
954 3022 1064 3068 pluvia
1076 3022 1121 3058 ob
1132 3022 1298 3060 inclusum
1310 3024 1451 3062 calorem
1462 3025 1594 3062 facilius
1608 3029 1644 3061 in
1659 3023 1735 3072 gelu
1748 3030 1840 3063 coe'at
1852 3052 1862 3072 ‚
1888 3029 1969 3078 quia
2020 3038 2024 3072 ς

293 3067 398 3102 rarior
411 3066 470 3104 est,
494 3069 699 3118 proindeque
712 3072 894 3108 infinuanti
905 3074 935 3108 le
947 3070 1071 3120 frigido
1081 3075 1148 3108 εὲἰί
1157 3072 1334 3113 faciliorem
1350 3075 1472 3125 praebet
1481 3077 1621 3113 aditum·

392 3117 688 3161 Qiaereslecundo.
707 3123 777 3156 Cur
798 3120 1080 3170 nunquamloleat
1093 3128 1241 3171 generari
1250 3127 1393 3174 grando,
1417 3125 1690 3176 quinvehemens
1707 3136 1827 3162 ventus
1841 3123 1972 3172 preces·
2018 3139 2020 3157 {

291 3162 393 3211 ferit?
420 3164 641 3214 Respondeo‚
667 3172 831 3208 rationem
842 3172 928 3213 effe,
955 3172 1064 3225 quiasi
1081 3176 1136 3208 ae⁷⁴r
1151 3179 1259 3221 tenuis
1268 3176 1314 3212 est
1327 3200 1338 3218 ‚
1360 3188 1432 3214 non
1446 3175 1491 3212 est
1501 3171 1662 3223 frigidus,
1685 3187 1788 3222 quare
1807 3175 1971 3225 gelascere

1898 3237 1969 3261 non
