2060 3444
257 155 371 198 '100
888 138 1264 214 Meteoro'log'ia

256 229 316 263 luo
327 228 555 278 'Philosophiae
567 227 733 265 audivisse,
777 228 896 265 Velafii
908 233 943 264 in
958 232 1146 279 Burgundia
1159 229 1321 275 speettum
1333 229 1472 278 aliquod
1485 230 1517 263 in
1527 225 1861 275 nubibusapparuiffe
1874 224 1945 260 for?-

259 291 349 314 mam
365 283 603 326 repraelentans
614 278 728 313 militis
747 281 866 314 armati
880 291 994 313 exerto
1006 281 1117 328 gladio
1127 284 1160 314 in
1174 282 1248 312 a‘e'te
1259 280 1391 324 penduli
1407 293 1509 314 totam
1523 278 1637 311 urbem
1650 279 1868 323 spectaculum
1883 280 1947 309 hoc

257 329 348 363 haud
361 330 495 363 modico
506 341 629 363 terrore
643 328 821 368 concuffit·‚
844 329 948 363 donec
958 329 1117 365 attentius
1127 330 1144 364 ὲ
1156 330 1245 363 Vitis
1260 331 1372 372 petitis
1385 330 1536 364 machina
1550 329 1616 361 haec
1625 328 1716 360 aerea
1724 327 1894 361 observata
1915 330 1950 360 &

258 377 372 413 fabula
387 380 587 425 deprehensa
599 378 664 415 est,
689 379 768 413 dum
780 378 1041 414 animadversum
1056 405 1068 424 ‚
1094 378 1345 416 §.Michaelem
1365 379 1510 413 Eccleliae
1531 379 1665 423 fastigio
1683 376 1874 423 impositum
1893 388 1950 409 re·

259 427 392 463 flexe-in
418 426 564 462 nubibus
574 425 676 462 'fuiss'e
689 451 700 466 ,
712 439 782 463 *ceu
795 427 975 474 in‘ipeculo
990 427 1169 474 objectum.

357 478 480 512 Eadem
492 475 827 523 specularis'nubium
837 475 1021 523 superficies
1036 478 1105 512 fieri
1128 480 1255 523 poterit
1267 476 1571 524 incidentesrigote
1589 478 1622 510 in
1639 485 1776 522 vapores
1787 485 1902 508 tenues
1914 485 1951 507 ac

259 526 442 574 pellucidos
457 552 468 570 ,
493 527 511 561 ὲ
522 539 592 573 quo
603 526 769 574 congelati
779 526 818 562 ἃ
827 529 959 573 opacari
978 528 1177 562 terrestrium
1191 539 1302 561 rerum
1317 528 1480 573 speciesin
1493 535 1522 560 ie
1537 526 1626 561 velut
1643 527 1678 558 in
1689 521 1854 570 tpeculum
1865 525 1950 558 inci-

260 578 375 610 dentes
385 577 577 622 opportune
587 576 772 614 reflec‘kent.
823 575 1278 611 Unde‘Cardanusobservat
1295 576 1353 612 lib.
1374 587 1427 624 24.
1446 578 1485 610 de
1497 579 1612 612 variet.
1622 587 1703 622 cap.
1715 583 1775 616 70.
1789 572 1949 610 icrxbens:

259 627 355 660 Aeris
365 624 491 660 ostenta
501 627 536 660 in
551 625 744 661 Botealibus
754 624 1002 673 regionibus&
1016 629 1098 661 mita
1119 629 1223 673 magis
1241 629 1276 661 &
1294 625 1507 674 frequentius
1524 636 1693 672 apparent.
1756 621 1917 657 Similiter
1934 646 1946 662 ³

257 674 351 720 quod
371 678 468 709 variae
485 675 794 710 animaliumvoces
816 673 1019 722 quandoque
1038 674 1220 710 e'nubibus
1229 677 1428 721 prodeuntes
1446 677 1645 712 audiantur,
1672 675 1705 707 id
1715 673 1834 706 eodem
1849 674 1950 706 modo

256 735 315 770 per
330 735 428 758 voces
443 725 637 760 animalium
650 726 851 759 viciniorum
862 748 871 764 ,
881 724 970 759 teste
980 726 1094 763 Kirch,
1105 725 1287 770 loco'lupra
1297 727 1356 764 cit.
1374 728 1408 760 in
1419 737 1562 760 concava
1571 723 1674 762 nube,
1688 733 1755 759 ‘aut
1767 731 1947 756 montete-

259 771 442 807 flexas‘fieri
457 774 556 820 polle.
602 775 700 809 'Idem
716 773 867 821 intellige
880 774 920 807 de
930 773 1002 808 aliis
1013 773 1215 822 quibuslibet
1225 776 1336 811 Sotiis.

354 822 536 858 Conclusio
548 835 579 869 3.
618 823 846 859 Retractionis
857 826 958 857 etiam
973 823 1136 858 beneficio
1157 821 1280 870 sptha
1291 825 1488 870 quaedam‘in
1501 825 1575 858 a‘ere
1583 825 1779 870 contingere
1800 821 1948 869 poliunt.

259 872 305 906 R:
315 872 365 905 t'o
375 872 420 905 est
431 896 440 913 ,
455 875 533 921 quia
548 873 653 919 potest
663 872 784 907 alicubi
795 873 850 907 aer
859 874 1020 907 immixtis
1029 871 1206 920 vaporibus
1218 873 1351 907 roicidis
1365 871 1661 916 denfior‘existetffi
1673 884 1710 906 ut
1720 876 1763 906 ita
1775 873 1946 915 objetstum

257 920 323 954 alio
337 921 416 955 loc-o
429 922 746 969 rcptaesentetquam
758 934 870 956 revera
880 921 940 962 fit;
965 922 1117 970 analogia
1129 922 1220 955 estin
1232 934 1371 957 nummo
1382 923 1532 956 demerso
1554 926 1589 957 δε
1606 922 1768 957 existente
1784 924 1818 956 in
1837 921 1947 954 fundo

258 968 358 1008 vafis,
385 973 444 1015 qui
467 982 577 1006 tamen
597 971 642 1005 ob
659 970 895 1006 refractionem
915 974 1087 1017 proximus
1101 971 1285 1017 superficiei
1306 984 1398 1019 aquae
1407 984 1553 1017 apparet.
1605 974 1686 1005 Item
1700 971 1779 1005 ficut
1790 970 1845 1004 Sol
1855 968 1945 1004 infra

258 1019 475 1054 horizontem
491 1019 655 1068 depreffus
665 1021 759 1067 supra
772 1020 1088 1068 eundemaffulgete
1102 1020 1302 1066 conspicitur
1314 1044 1324 1058 ‚
1349 1032 1510 1068 quatenus
1521 1019 1640 1054 scilicet
1650 1021 1732 1054 radii
1753 1021 1770 1055 ἂ
1780 1019 1852 1054 Sole
1865 1031 1945 1066 pro-

259 1068 411 1103 cedentes
424 1071 575 1105 incidunt
588 1072 623 1105 in
636 1082 774 1117 vapores
787 1070 1020 1116 Atmoipbaerae
1035 1093 1045 1110 ,
1070 1068 1182 1117 ibique
1193 1068 1493 1105 refratstiattollunt
1504 1082 1621 1116 corpus
1634 1064 1944 1117 solareapparente'r

259 1120 356 1162 iupra
366 1119 580 1154 horizontem
592 1143 603 1158 ‚
632 1121 807 1166 itapariter
826 1118 1122 1165 poterit‘objectum
1134 1118 1270 1166 aliquod
1286 1121 1321 1152 in
1346 1128 1430 1154 tetra
1452 1119 1503 1153 vel
1524 1121 1606 1153 mari
1617 1120 1834 1154 constitutum
1843 1122 1946 1153 etiam

259 1178 318 1212 pet
329 1169 474 1202 medium
485 1168 682 1214 vapor-osum
692 1166 814 1202 alicubi
828 1167 959 1203 denfifis
971 1171 1015 1202 ita
1026 1170 1150 1203 radiare
1161 1192 1172 1206 ,
1197 1179 1232 1202 ut
1246 1167 1385 1203 refraete
1395 1170 1499 1203 videri
1510 1180 1608 1216 queat
1618 1192 1628 1208 ,
1654 1168 1719 1203 alio
1739 1168 1816 1202 loco
1824 1178 1945 1212 nempe

259 1215 424 1251 elevatum
433 1221 467 1252 &
477 1220 512 1252 in
526 1219 600 1252 a'ete
610 1217 762 1253 existens.
809 1216 912 1252 'Unde
926 1219 1126 1266 quandoque
1136 1218 1174 1251 ad
1193 1217 1281 1251 lacus
1290 1222 1324 1253 &
1335 1221 1437 1253 maria
1448 1241 1459 1257 ‚
1478 1219 1541 1252 ‘ubi
1552 1222 1606 1251 aer
1617 1216 1945 1266 vaporosior&*dert5

263 1263 383 1300 fiotest
394 1289 405 1304 ,
431 1267 543 1314 aliqua
558 1267 705 1305 ostenta,
731 1265 1040 1315 veluti-navigantes
1053 1271 1089 1301 in
1102 1269 1175 1301 aete
1186 1267 1472 1313 conspicerentur,
1497 1272 1690 1314 contingere
1704 1278 1898 1314 potuerunt.

360 1315 541 1351 Conclusio
551 1327 681 1364 quarta.
707 1315 855 1350 Tametsi
871 1329 928 1363 per
943 1318 1114 1364 praedietos
1124 1317 1241 1350 modos
1256 1316 1422 1362 phasmata
1432 1318 1580 1363 quaedam
1592 1316 1728 1351 insolita
1746 1318 1946 1362 contingere

258 1362 381 1411 poffint
397 1365 498 1413 prope
511 1377 630 1401 terram
642 1389 652 1401 .
679 1364 855 1400 univerfim
874 1377 984 1400 tamen
1001 1369 1114 1400 omnia
1131 1365 1188 1400 illa
1210 1365 1356 1404 ostenta,
1385 1379 1456 1413 quae
1473 1364 1697 1401 conclusione
1717 1364 1819 1412 prima
1834 1365 1944 1399 obitct

258 1413 360 1448 relata
368 1413 464 1452 sunt,
492 1417 673 1450 remotiora
686 1428 805 1462 nempe
817 1417 896 1450 &in
907 1415 993 1450 coelo
1001 1415 1110 1450 altiori
1120 1415 1297 1450 constituta
1309 1416 1449 1450 minime
1462 1439 1472 1454 ‚
1498 1420 1531 1450 ὅ(
1545 1428 1756 1462 nequaquam
1776 1415 1824 1448 his
1837 1414 1947 1448 modis

259 1465 461 1510 contingunt
474 1473 486 1512 3
513 1467 625 1511 priora
634 1467 726 1499 enim
739 1465 927 1509 hujusmodi
939 1465 1015 1499 sunt
1028 1489 1038 1505 ,
1065 1477 1138 1512 quae
1151 1477 1221 1498 non
1240 1463 1301 1498 nist
1325 1467 1422 1499 certis
1434 1477 1469 1498 ac
1479 1467 1705 1499 determinatis
1727 1465 1947 1498 locis&tem-

258 1512 395 1557 poribus
409 1516 630 1562 contingunt,
656 1526 716 1548 nec
731 1514 789 1548 nisi
799 1527 841 1548 ex
852 1516 947 1549 certis
958 1518 992 1549 &
1002 1516 1228 1549 determinatis
1238 1513 1318 1547 locis
1330 1515 1486 1549 videntur
1499 1524 1578 1551 ,nec
1591 1516 1712 1549 durant
1723 1512 1782 1548 nifi
1793 1515 1832 1547 ad
1845 1513 1946 1547 breve

258 1571 413 1609 tempu33
441 1563 620 1609 posteriora
635 1563 713 1598 vero
725 1562 810 1597 fiunt
825 1565 921 1598 variis
933 1568 965 1598 in
976 1565 1056 1598 locis
1069 1588 1078 1602 ,
1105 1565 1227 1598 durant
1246 1562 1326 1610 saepe
1343 1563 1457 1597 multis
1472 1564 1606 1602 diebus,
1631 1565 1786 1601 videntur
1795 1564 1894 1598 variis
1905 1574 1946 1596 ex

255 1609 354 1649 locis.
380 1612 398 1645 a
414 1612 443 1645 se
456 1612 548 1647 valde
560 1612 686 1650 diflitis.
739 1613 786 1646 Ex
801 1613 919 1660 quibus
932 1613 973 1647 fic
982 1616 1074 1660 argui
1089 1613 1193 1649 potest
1204 1613 1312 1658 ptimo
1322 1624 1395 1646 cum
1407 1614 1443 1650 P.
1456 1614 1592 1647 schotto
1602 1612 1696 1658 Phys.
1707 1615 1788 1648 Cur.
1799 1612 1820 1646 l.
1833 1613 1864 1648 6,
1878 1623 1945 1647 c.2.

255 1660 421 1694 Similites
429 1674 461 1698 v.
473 1675 503 1710 g.
515 1663 665 1709 equites,
692 1664 855 1696 exercitus
868 1685 879 1700 ‚
906 1662 1034 1710 aliaque
1049 1656 1164 1696 similia
1178 1662 1307 1705 objecta
1318 1662 1439 1696 alicubi
1456 1665 1584 1696 interra
1596 1689 1610 1708 ,
1629 1675 1685 1697 aut
1698 1664 1796 1696 maris
1806 1659 1946 1705 superfi-

254 1712 303 1743 cie
318 1709 490 1744 existentia
503 1711 671 1744 radiarent
681 1713 716 1745 in
727 1710 834 1745 nubes
845 1734 855 1749 ,
882 1715 1052 1745 autaerem
1068 1713 1225 1758 vapidum
1235 1733 1245 1748 ‚
1272 1709 1413 1758 indeque
1424 1712 1463 1744 ad
1474 1714 1679 1746 intuentium
1691 1711 1770 1746 alibi
1783 1711 1946 1745 constitu-

259 1768 369 1792 torum
382 1759 498 1794 oculos
509 1759 716 1794 refleffltent
727 1758 848 1807 species
865 1759 957 1805 suas3
983 1758 1251 1807 viderenturipsa
1262 1759 1317 1793 illa
1330 1762 1460 1806 obiecsta
1474 1763 1508 1794 in
1532 1759 1560 1794 se
1571 1773 1626 1805 pet
1636 1762 1746 1796 radios
1758 1760 1899 1796 reflexos
1925 1785 1940 1805 ‚

253 1818 356 1854 prout
366 1809 401 1841 in
413 1808 550 1854 speculis
563 1809 634 1843 fieri
645 1809 758 1843 aflolet
769 1833 778 1847 ,
803 1815 856 1843 veI
867 1821 947 1856 ergo
963 1809 1036 1844 sunt
1046 1810 1227 1844 admodum
1241 1821 1366 1843 remota
1376 1809 1416 1843 ab
1426 1811 1637 1845 intuentibus
1647 1810 1699 1846 vel
1717 1812 1790 1846 lunt
1801 1812 1942 1857 propin-

251 1857 348 1901 qua?
371 1855 393 1890 fi
404 1856 497 1892 valde
506 1869 654 1896 remota,
682 1871 750 1891 non
762 1858 1008 1905 possuntvideri
1030 1884 1040 1899 ,
1064 1870 1119 1894 aut
1130 1872 1198 1893 non
1209 1857 1269 1893 nisi
1285 1859 1345 1892 iub
1359 1861 1497 1893 minima
1512 1859 1639 1898 forma,
1664 1860 1788 1894 tametsi
1809 1861 1942 1904 prorius

255 1908 416 1953 giganteae
429 1905 543 1941 forent
552 1908 813 1955 magnitudinisg
838 1906 915 1941 cum
925 1909 1070 1947 constet.
1097 1908 1257 1942 eominus
1269 1920 1425 1953 apparere
1443 1908 1612 1953 objetstum
1638 1933 1649 1948 ,
1676 1923 1745 1955 quo
1764 1920 1868 1954 magis
1889 1907 1942 1941 di-

255 1956 331 1990 stat.
381 1956 413 1989 Si
426 1955 505 1990 νει-ὸ
517 1960 705 2003 propinqua
716 1957 814 1994 sunt,
841 1968 921 2003 ergo
933 1957 1011 1991 dum
1021 1959 1055 1990 in
1069 1957 1154 1991 coelo
1167 1968 1326 2004 apparent
1335 1960 1498 1992 exercitus
1511 1961 1632 2006 integri
1642 1984 1649 1993 ‚
1676 1963 1847 1995 &cruenti
1859 1969 1940 1990 con-

254 2004 364 2038 flietus
379 2029 391 2046 ‚
417 2003 513 2039 facile
526 2005 598 2040 sciri
611 2017 793 2052 potuerunt
803 2006 918 2040 eodem
934 2005 1002 2040 fere
1013 2018 1162 2054 tempore
1174 2031 1184 2046 ,
1202 2019 1271 2053 quo
1281 2007 1435 2041 videntur
1445 2031 1454 2046 ,
1487 2019 1623 2042 autnon
1637 2008 1736 2056 longe
1750 2009 1833 2055 post,
1857 2004 1942 2040 fuis-

253 2051 284 2087 se
294 2053 415 2087 alicubi
425 2054 620 2089 conflictum
634 2054 730 2089 illum
744 2079 753 2093 ‚
791 2057 850 2101 qui
861 2057 895 2089 in
914 2057 1161 2102 coeloapparuit
1172 2081 1182 2095 ‚
1207 2057 1299 2103 quod
1314 2067 1424 2090 tamen
1444 2071 1616 2104 nunquam
1635 2059 1794 2092 hairunus
1804 2056 1870 2089 suit
1881 2055 1939 2088 de-

254 2102 464 2147 prehensum,
516 2104 670 2139 Secundo
683 2128 692 2143 ,
720 2105 800 2138 dum
816 2102 975 2138 fimiliain
989 2104 1136 2140 nubibus
1146 2116 1325 2153 apparent,
1350 2105 1523 2140 manifeste
1543 2107 1649 2141 nubes
1671 2107 1743 2153 ipsa„-
1757 2117 1814 2139 aut
1827 2117 1940 2138 earum

251 2154 403 2196 partesin
416 2152 446 2187 se
460 2153 577 2188 mutuo
587 2156 781 2192 incurrunt,
808 2152 966 2188 &locum
977 2165 1109 2189 mutant
1121 2179 1130 2193 ‚
1153 2168 1189 2189 ac
1200 2154 1339 2201 proinde
1353 2167 1421 2188 non
1430 2156 1557 2188 easdem
1574 2178 1584 2192 ,
1608 2168 1689 2202 quas
1701 2169 1812 2190 antea,
1828 2153 1939 2200 super-

251 2199 343 2234 ficies
355 2202 388 2233 in
402 2212 522 2236 terram
531 2214 686 2241 vertunt,
712 2202 958 2251 ergo&anguli
977 2204 1165 2238 incidentiae
1183 2216 1219 2238 ac
1240 2202 1430 2238 reflexionis
1446 2216 1636 2243 mutantur,
1662 2218 1742 2251 ergo
1755 2217 1822 2239 non
1835 2216 1941 2239 exeo-

251 2250 326 2282 dem
340 2249 416 2283 loco
430 2273 439 2286 ‚
466 2263 537 2297 quo
547 2262 642 2286 antea
657 2253 788 2299 poliunt
799 2252 901 2286 videri
914 2264 963 2286 res
974 2276 983 2290 ‚
1008 2257 1041 2287 &
1054 2265 1164 2287 tamen
1176 2252 1358 2299 aliquando
1366 2255 1406 2287 ad
1418 2254 1538 2288 multas
1548 2255 1643 2289 horas
1657 2255 1798 2293 durant,
1825 2253 1942 2300 hujus-

248 2300 342 2333 modi
353 2298 522 2344 phasmata
533 2303 615 2335 &in
626 2300 759 2336 divetfis
771 2300 853 2335 locis
862 2301 1029 2338 videntur.
1084 2304 1199 2346 Quare
1211 2302 1248 2336 sit

349 2347 532 2383 Conclufio
546 2352 679 2397 quinta.
731 2347 865 2384 Insolita
875 2353 967 2385 aerea
987 2349 1110 2398 spetstra
1124 2355 1160 2387 &
1173 2353 1299 2387 ostenta
1310 2351 1534 2388 Conclufione
1553 2352 1659 2398 primii
1675 2363 1867 2386 enumerata
1877 2350 1941 2386 effe

248 2407 389 2443 vapores
402 2424 414 2442 ‚
439 2397 668 2434 exhalationes
678 2423 688 2438 ‚
715 2403 750 2434 δε
764 2411 869 2445 partes
884 2401 966 2434 a'e'ris
976 2400 1167 2436 addensatas
1177 2425 1188 2440 ,
1213 2415 1286 2449 quae
1298 2415 1367 2436 non
1381 2403 1472 2439 calu,
1498 2412 1556 2436 aut
1569 2402 1687 2436 natura
1700 2425 1709 2439 ‚
1736 2402 1787 2436 sed
1808 2401 1825 2435 a
1846 2402 1940 2436 DEO

248 2446 434 2481 ministerio
444 2447 743 2496 intelligentiarum
757 2448 822 2483 five
833 2454 1010 2495 geniorum
1023 2452 1056 2484 ἃ
1067 2451 1242 2496 spirituum
1253 2451 1419 2486 bonorum
1433 2454 1468 2485 in
1479 2449 1606 2485 formas
1618 2464 1780 2498 equorum
1793 2475 1803 2489 ,
1830 2452 1941 2484 homi-

247 2507 329 2529 num
345 2520 354 2534 .
379 2495 742 2533 militum&exercitus
755 2495 958 2545 effigiantur.
1008 2503 1054 2533 lta
1066 2500 1164 2535 sentit
1174 2501 1397 2539 Ftamondus‚
1425 2499 1557 2535 Cabeus
1568 2525 1577 2539 ,
1601 2501 1780 2536 Cornelius
1791 2501 1807 2534 a
1818 2500 1941 2546 Lapide

248 2548 285 2579 &
298 2544 353 2579 alii
368 2550 603 2584 communiter.
651 2550 694 2582 Et
703 2548 742 2582 de
753 2547 847 2582 causa
856 2549 993 2593 quidem
1005 2550 1165 2584 materiali
1176 2549 1352 2585 diffi:ultas
1376 2562 1446 2584 non
1457 2550 1501 2583 est
1512 2574 1523 2588 ‚
1552 2563 1653 2584 nemo
1674 2553 1762 2585 enim
1784 2549 1920 2596 negabit
1930 2573 1942 2590 ,

249 2606 322 2628 eam
335 2592 399 2628 effe
409 2599 680 2642 evaporationes,
706 2608 778 2631 turn
789 2597 956 2632 craffiores
966 2623 977 2638 ‚
1013 2610 1084 2632 tum
1097 2602 1268 2635 tenuiores
1281 2623 1291 2638 ,
1317 2612 1390 2646 quae
1400 2598 1530 2633 diverso
1554 2601 1657 2634 modo
1678 2599 1827 2635 formatae
1844 2602 1878 2633 δε
1888 2610 1939 2632 ac-

247 2642 351 2678 censae
365 2644 508 2680 diversos
519 2645 593 2680 illos
603 2646 731 2681 colores
741 2651 775 2681 &
786 2646 908 2694 figuras
926 2647 1109 2686 ostentant.
1157 2650 1188 2683 Si
1201 2652 1290 2683 enim
1303 2649 1391 2683 fiunt
1405 2647 1507 2682 nubes
1517 2649 1723 2684 diversarum
1742 2649 1937 2696 figurarum,

247 2704 306 2726 cur
321 2706 390 2727 non
402 2697 503 2729 etiam
516 2695 564 2730 illi
579 2695 700 2730 halitus
713 2697 757 2729 ita
771 2696 904 2740 poffunt
922 2695 1092 2732 efformari
1103 2722 1114 2737 ‚
1141 2709 1178 2732 ut
1193 2698 1289 2734 nobis
1301 2702 1334 2733 &
1350 2700 1479 2745 equites
1492 2703 1526 2734 &
1537 2699 1702 2739 homines,
1728 2703 1763 2734 &
1774 2700 1939 2732 exercitus

247 2743 283 2775 &
295 2740 404 2777 classes
417 2743 672 2790 repraesentent?
701 2742 892 2780 Difficultas
903 2748 1004 2793 igitur
1015 2745 1082 2781 sola
1094 2747 1141 2781 est
1152 2748 1292 2783 decausa
1301 2746 1465 2782 efficiente
1478 2771 1488 2785 ,
1503 2761 1604 2796 quam
1623 2762 1692 2783 non
1714 2759 1863 2783 naturam
1879 2758 1938 2782 aut

249 2790 356 2825 casum
367 2806 377 2823 c
387 2791 428 2826 ff:
440 2816 448 2831 ‚
476 2795 553 2828 inde
563 2792 775 2829 manifestum
788 2794 834 2829 est
846 2817 856 2833 ‚
884 2799 959 2841 quis
978 2799 1066 2830 enim
1085 2797 1173 2832 dicet
1183 2822 1193 2838 ‚
1218 2799 1290 2832 casu
1306 2799 1522 2844 contingere,
1549 2810 1586 2832 ut
1596 2811 1759 2846 equorum
1777 2796 1935 2830 &homi-

248 2850 333 2872 num
345 2839 468 2876 formas
477 2845 650 2878 imitentur
658 2845 929 2890 apparentiaeillae
947 2844 965 2879 ⁴?
987 2849 1022 2880 δε
1034 2845 1229 2894 frequenter
1239 2848 1270 2881 id
1281 2849 1476 2893 contingere
1487 2848 1504 2885 ‘2
1522 2849 1560 2881 ad
1577 2847 1774 2882 multosdies
1784 2846 1903 2880 durare
1914 2844 1934 2883 ’Ξ

248 2886 405 2922 omnibus
418 2890 481 2924 sese
491 2891 681 2930 ostentare?
708 2897 742 2928 &
757 2894 850 2940 quod
862 2897 966 2936 majus
976 2896 1033 2934 est,
1060 2908 1254 2943 praecurrere
1266 2919 1278 2937 ,
1303 2895 1470 2930 bellorum
1484 2897 1659 2943 strepitum
1675 2901 1710 2932 δε
1728 2894 1821 2942 quafi
1837 2895 1935 2930 belli‘.

246 2947 323 2971 cum
334 2948 450 2972 canere
459 2939 477 2976 ?
501 2941 719 2978 necessarium
729 2942 831 2991 igitur
844 2943 890 2978 est
899 2965 910 2981 ,
938 2943 1004 2977 haec
1013 2944 1030 2978 ὲ
1040 2957 1150 2980 mente
1160 2944 1432 2993 &intelligentia
1443 2950 1642 2993 provenire„
1656 2949 1698 2979 ita
1712 2943 1857 2982 Cabeus.

345 2988 473 3033 Argues
483 2999 591 3026 tamen
605 3003 723 3027 contra
736 3001 810 3028 cum
821 2992 961 3040 August.
973 2994 1092 3040 Nipho
1104 3019 1114 3034 ‚
1139 2994 1265 3030 tametsi
1276 2995 1342 3029 haec
1357 2994 1429 3030 casu
1441 3008 1508 3030 non
1520 2996 1600 3030 fiant
1611 3019 1622 3034 ‚
1648 3007 1716 3028 non
1734 2997 1808 3028 ideo
1819 3006 1934 3029 tamen

248 3033 288 3068 ad
297 3033 428 3069 causam
440 3039 580 3081 primam
594 3043 727 3076 DEUM
739 3066 750 3081 ,
776 3053 833 3077 aut
848 3044 888 3076 ad
902 3042 1142 3090 intelligentias
1166 3045 1400 3080 recurrendum
1415 3070 1425 3085 ‚
1461 3055 1618 3093 poterunt
1635 3047 1722 3077 enim
1742 3045 1805 3078 haec
1825 3045 1864 3078 ad
1878 3046 1936 3078 in-

243 3082 399 3141 fluentias
411 3084 560 3130 syderum
573 3092 606 3123 &
617 3101 737 3125 certam
751 3091 1047 3128 constellationem.
1099 3094 1160 3129 Sed
1173 3105 1286 3129 contra
1296 3093 1360 3133 est,
1375 3105 1411 3128 ut
1423 3094 1655 3140 beneopponit
1668 3093 1824 3128 Schottus
1835 3089 1931 3141 phys·

241 3131 380 3178 ‘Ut-llb-
394 3135 467 3176 606.
481 3146 513 3176 2.
531 3140 559 3182 ἕ.
574 3149 610 3178 2.
642 3140 675 3174 Si
686 3140 785 3177 stelle
799 3144 867 3179 vim
877 3140 1001 3179 habent
1010 3144 1219 3191 producendi
1231 3146 1266 3180 in
1275 3148 1348 3181 aere
1361 3142 1661 3193 effigiesarmorum
1675 3165 1686 3181 ²
1716 3146 1864 3181 navium,
1890 3140 1933 3176 fi-

1781 3193 1932 3229 milium·
