2060 3444
71 2985 194 3018 Sueton.
204 2983 238 3015 in

120 3034 200 3066 vim.

262 143 348 200 44
889 126 1265 199 Meteorologia

259 218 340 252 vero
356 215 467 264 spatha
483 239 493 255 ,
521 214 642 250 ficutin
654 211 779 248 scholio
794 210 917 248 ibidem
928 215 1058 249 additur
1073 213 1090 248 a
1101 215 1144 250 D.
1166 212 1352 247 Mentzelio
1362 210 1557 259 ponderavit
1571 209 1639 246 fere
1656 215 1768 248 uncias
1781 213 1948 254 undecimi

256 263 434 313 Splenduir
451 278 490 301 aes
500 266 539 299 ad
554 267 692 298 Luteum
714 262 887 297 aurichalis
898 262 1040 298 colorem
1054 287 1062 302 ,
1098 263 1138 297 ad
1148 265 1237 308 cujus
1253 262 1400 296 manubii
1413 262 1513 296 latera
1534 259 1614 294 striae
1625 260 1690 296 five
1710 263 1803 297 lineae
1816 266 1946 310 aliquot

257 316 415 364 tanquam
426 327 493 349 arte
503 314 596 348 faetae
605 311 877 349 incurvabantur.
930 314 1084 359 Superior
1096 323 1167 358 pars
1178 313 1306 345 tenuior
1319 314 1351 345 &
1364 314 1399 345 in
1408 322 1544 345 acumen
1559 313 1593 343 δε
1603 315 1780 347 rotundum
1794 313 1858 347 defi
1865 325 1945 348 nens

255 364 353 408 plena
365 360 660 399 fuirforaminiclis
671 374 738 396 non
750 363 882 409 perviis,
910 361 1006 400 adeo,
1040 372 1077 395 ut
1088 362 1229 394 formam
1245 358 1307 393 five
1321 361 1496 394 modulum
1513 382 1522 397 ,
1547 371 1587 393 aes
1599 359 1682 392 illud
1693 364 1831 396 mixtum
1848 360 1943 397 infu-

256 414 328 449 1um
339 413 416 453 fuit,
443 424 511 446 non
522 411 702 445 admodum
716 412 800 446 Leve
811 414 845 445 &
859 408 941 443 terse
951 409 1146 447 confecerit,
1172 411 1364 456 quicunque
1375 407 1476 444 fuerit
1485 408 1642 443 aethereus
1651 407 1706 442 ille
1716 411 1895 456 cbymicus.

354 464 435 498 Non
445 459 696 495 obliterandum
708 461 752 494 est
763 484 773 499 ,
801 459 893 512 quod
907 462 1008 494 Anno
1022 462 1126 504 1677.
1136 459 1187 492 die
1201 459 1253 495 28.
1266 459 1381 493 octava
1395 461 1473 503 Maji
1489 455 1723 492 Ermendorffii
1743 462 1777 493 in
1787 474 1872 508 pago
1882 460 1942 495 sci-

253 508 334 548 licet
351 511 454 545 tribus
472 506 562 558 quafi
584 509 735 544 millibus
755 510 902 555 passuum
918 507 958 542 ab
969 510 1049 543 urbe
1062 506 1181 554 Hagnz'r
1200 507 1338 540 distante
1356 510 1510 555 contigit.
1555 509 1679 541 Exorta
1700 508 1754 540 hic
1772 511 1945 557 tempestas

257 563 343 595 circa
356 560 521 605 vesperam
537 581 547 598 ,
573 561 608 593 in
620 571 684 606 qua
695 558 762 592 una
775 570 846 591 cum
861 555 1002 591 fulmine
1012 562 1136 591 minera
1151 559 1299 604 quaedam
1313 559 1406 591 aerea
1419 558 1589 604 chrysocolla
1599 579 1609 595 ,
1633 568 1691 590 aur
1707 553 1807 591 Venus
1819 582 1830 598 ,
1847 572 1945 593 aurea

257 610 344 644 dicta
358 608 375 642 Ξι
389 608 564 646 Balduino,
589 608 653 642 five
664 611 712 641 vis
727 608 874 654 quaedam
896 605 1045 654 lapidum
1064 604 1162 641 effusa
1179 606 1229 639 est‘
1247 628 1257 644 ,
1283 614 1427 652 quorum
1447 607 1538 640 color
1554 607 1674 652 nempe
1693 607 1808 642 viridis
1828 610 1944 644 mistus

257 670 331 693 cum
347 657 481 692 ceruleo
491 656 568 697 fuit,
595 656 717 705 quibus
732 659 831 696 etiarn
844 658 878 689 iu
889 659 1010 702 pariete
1023 656 1123 690 literae
1133 654 1268 690 ceruleae
1279 657 1405 690 exarari
1417 666 1610 701 potuerunt.

356 709 433 742 Huc
442 708 627 741 revocanda
641 718 776 753 quoque
788 705 862 739 sunt
875 707 958 739 mira
971 705 1046 744 illa,
1073 703 1303 749 quaereferunt
1316 706 1620 751 Ephem.German.
1636 705 1755 742 Decur,
1773 716 1804 741 2.
1821 709 1942 754 Anni7

257 753 326 792 obs.
341 768 374 803 3.
385 760 420 791 &
432 755 472 790 ab
486 756 605 790 incolis
619 759 653 789 in
665 757 758 789 India
768 754 1007 792 ostendunturr
1055 754 1190 789 Habent
1202 755 1351 799 Baliensos
1369 756 1402 788 in
1421 753 1474 788 sua
1492 754 1599 788 insula
1613 755 1736 788 Rotam
1754 756 1890 790 (olidam
1901 770 1943 791 ex

253 818 316 840 aere
325 818 399 839 cum
413 806 470 840 suo
484 805 648 843 modiolo,
674 816 774 850 quarn
787 803 883 850 ajunt
893 817 908 837 e
920 805 962 840 ffe
974 814 1080 839 rotam
1090 805 1128 838 de
1141 815 1237 838 curru
1251 804 1348 838 Lunae
1373 815 1491 849 magna
1507 805 1701 850 tempestate
1724 804 1890 848 delapsam
1907 801 1959 839 in‘

254 854 491 899 illuminem,
516 854 690 888 ubiadhuc
710 853 908 888 custoditur.
957 853 1115 887 Similiter
1125 864 1276 886 narratur
1286 854 1324 887 de
1336 851 1441 887 insula
1453 856 1555 891 Serota,
1579 855 1638 888 60.
1655 852 1855 887 milliaribus
1865 855 1944 889 hinc

253 905 492 939 Euronothum
507 904 659 941 distante,
685 907 719 938 δι
738 903 755 937 ὲ
770 901 839 936 (010
851 900 919 936 fere
931 915 1044 936 monte
1060 902 1232 936 constante
1244 926 1252 940 ‚
1281 906 1338 949 qui
1355 914 1424 936 non
1445 904 1489 936 ita
1507 904 1563 935 diu
1576 900 1686 936 valido
1699 913 1791 937 terrae
1804 908 1943 939 motu&

252 955 332 1000 igne
343 953 556 988 subterraneo
569 950 645 987 cum
660 963 729 987 tota
742 951 812 987 fere
828 950 932 985 insula
945 951 1179 998 disruprusest.
1209 953 1245 984 ln
1257 951 1344 986 illius
1354 953 1478 987 montis
1492 953 1611 985 vertice
1621 962 1696 985 ante
1707 961 1762 995 50.
1774 965 1879 986 annos
1889 957 1941 988 in-

252 1016 333 1049 gens
346 1006 380 1037 &
394 999 621 1037 monstrosum
632 1014 687 1036 vas
700 1013 817 1036 aereum
831 1001 930 1041 stetit,
958 1001 1148 1049 ambiguam
1170 999 1294 1036 habens
1307 1001 1446 1048 figuram
1458 1003 1546 1034 inter
1559 1010 1755 1046 tympanum
1767 1025 1777 1040 ‚
1795 1002 1921 1037 dolium
1931 1027 1942 1044 ,

252 1055 288 1087 δε
306 1052 474 1100 ahenum;
500 1051 541 1085 ab
562 1051 685 1085 Incolis
698 1055 910 1099 &tangentem
939 1051 972 1084 id
987 1051 1032 1084 est
1050 1075 1059 1088 ,
1087 1053 1424 1096 tympanumtonitru
1435 1049 1626 1098 appellatur
1653 1072 1664 1088 ‚
1687 1053 1777 1097 quod
1792 1055 1945 1087 unanimi

251 1101 461 1139 vocelncolae
473 1111 620 1136 narrant.
646 1102 780 1134 Parrum
793 1099 927 1134 suorum
939 1109 1087 1145 tempore
1099 1103 1224 1147 ingenti
1235 1111 1310 1134 cum
1323 1100 1512 1145 tempestate
1537 1102 1570 1133 ὃ(
1590 1101 1717 1133 tonitru
1734 1099 1812 1135 illuc
1830 1105 1940 1148 proje-

250 1152 344 1186 Qurn
363 1149 425 1185 effe
442 1159 454 1198 3
485 1149 595 1195 postea
607 1151 788 1184 Ternatani
806 1150 961 1184 Praetores
974 1149 1091 1197 magni
1105 1152 1135 1182 vi
1147 1149 1229 1183 illud
1245 1163 1299 1185 vas
1310 1149 1537 1197 fregerunt‚&
1550 1148 1732 1196 plurimum
1751 1153 1821 1184 aeris
1833 1150 1944 1185 abstu-

250 1198 377 1237 lerunt.
427 1198 605 1234 Praefestus
616 1209 726 1232 tamen
738 1199 873 1245 quidam
885 1200 1024 1233 Batavus
1038 1200 1170 1234 testatus
1182 1199 1240 1237 est,
1268 1200 1297 1233 se
1309 1199 1465 1246 reliquias
1477 1203 1548 1243 ejus
1564 1196 1688 1236 vidisse,
1714 1202 1796 1234 &ex
1812 1203 1850 1234 iis
1861 1214 1939 1236 con-

249 1248 355 1293 jecisse
369 1274 379 1290 ‚
410 1260 478 1283 tam
489 1247 614 1285 vastum
628 1247 710 1281 illud
720 1259 773 1281 vas
787 1246 884 1282 fuiise
896 1276 909 1296 ,
936 1259 972 1282 ut
993 1247 1033 1283 ab
1050 1247 1207 1283 omnibus
1224 1250 1258 1283 in
1268 1248 1416 1296 asperum
1427 1254 1462 1286 ἃ
1473 1250 1674 1297 praecipireru
1694 1248 1791 1285 illurn
1807 1249 1939 1287 locum..

250 1309 422 1346 portarurn
431 1296 526 1333 fuiffe
546 1296 740 1332 incredibile
751 1295 800 1335 fit.

809 1400 1372 1461 APPENDJX

318 1519 417 1566 Apidi
435 1516 599 1553 fulmineo
613 1543 623 1559 ,
652 1519 742 1555 ferro
755 1523 788 1554 &
807 1519 982 1559 metalla&
997 1519 1142 1556 nubibus
1155 1521 1321 1567 ejaculato
1337 1518 1412 1553 addi
1435 1517 1566 1566 possunt
1578 1518 1670 1568 globi
1688 1522 1787 1569 igniti
1803 1520 1880 1554 inde
1891 1533 1945 1568 pa*

317 1572 395 1604 riter
408 1568 588 1616 aliquando
598 1571 741 1606 decidui.
794 1570 844 1603 Sic
855 1572 955 1604 Anno
973 1573 1035 1612 169
1045 1582 1076 1614 3.
1086 1573 1137 1605 die
1155 1585 1186 1619 7.
1203 1569 1375 1606 Decembr.
1387 1571 1609 1616 Argentinurn
1625 1569 1734 1604 versus
1749 1569 1861 1603 ecoelo
1872 1584 1948 1617 ape·

318 1621 376 1653 riri
394 1620 466 1652 viro
479 1621 593 1665 ingens
604 1619 722 1666 globus
737 1620 852 1664 igneus
866 1618 1013 1665 delapsus
1024 1607 1221 1665 consparuitg
1234 1622 1337 1668 quiin
1348 1620 1420 1652 aete
1432 1618 1518 1652 haud
1528 1617 1736 1667 aliter,quam
1749 1617 1769 1652 fi
1782 1623 1948 1653 tormenti]

245 1668 481 1714 exploderetur
492 1669 526 1701 in
543 1670 681 1702 modum
694 1667 817 1701 festivae
832 1668 1045 1702 salutationis
1062 1669 1229 1716 fragorem
1242 1670 1392 1714 repetitis
1405 1666 1532 1702 vicibus
1548 1669 1663 1705 edidit.
1688 1667 1945 1707 ‚Globusautem

248 1721 339 1764 juxta
355 1716 549 1751 relationem
572 1727 709 1752 eorum:
734 1719 793 1762 qui
806 1718 980 1755 viderunt,
1008 1720 1122 1753 intres
1135 1722 1201 1752 vias
1214 1717 1375 1763 dispersus
1397 1717 1540 1763 decidir3
1559 1716 1728 1764 aliquibus
1740 1719 1827 1752 viius
1848 1719 1945 1752 estin

249 1767 369 1801 vallem
382 1766 579 1811 Kinstgensem
590 1792 599 1807 ‚
626 1766 698 1800 aliis
708 1767 747 1799 ad
757 1765 943 1799 districtum
960 1789 969 1803 ‚
990 1766 1098 1801 versus
1111 1768 1251 1802 castrum
1266 1770 1352 1801 Fore·
1373 1767 1487 1814 Louisg
1516 1766 1581 1800 Alii
1596 1768 1750 1801 viderunt
1765 1770 1802 1800 ad
1816 1779 1947 1813 pratum

250 1815 291 1850 fic
303 1815 427 1849 dictum
445 1818 516 1854 'Riet
533 1818 750 1864 Argentinarn
766 1813 876 1849 versus
892 1837 902 1852 ‚
935 1817 1093 1861 quorsum
1108 1821 1206 1851 eriam
1219 1817 1380 1852 decurrit,
1411 1828 1510 1861 quern
1525 1816 1633 1850 locum
1646 1839 1656 1855 ‚
1675 1815 1732 1850 ubi
1746 1839 1756 1854 ,
1783 1816 1859 1851 cum
1870 1820 1944 1864 qui-

249 1865 325 1900 dam
343 1861 572 1910 inspexissent,
601 1865 755 1898 viderunt
768 1874 905 1910 gramen
918 1863 1041 1898 ibidem
1051 1865 1255 1906 ambustum,
1283 1869 1317 1900 ὃ(
1330 1864 1484 1898 foramen
1493 1877 1583 1901 rerrae
1596 1864 1776 1900 incussum·

447 1966 1113 2039 CONCLUSIO
1187 1968 1744 2043 POLlTICA.

518 2069 707 2135 Caius
723 2070 866 2159 saepe
884 2068 1090 2157 gloriae
1106 2072 1541 2140 incrementum
1555 2072 1653 2142 est.

358 2201 415 2233 On
429 2202 537 2234 omnis
555 2202 665 2235 Icarus
680 2200 798 2236 infelix
817 2200 862 2234 est
878 2224 888 2239 ,
909 2201 985 2235 licet
1001 2204 1033 2237 in
1053 2215 1141 2238 mare
1155 2214 1246 2241 ruat:
1274 2211 1350 2238 narn
1362 2217 1398 2239 ur
1417 2217 1546 2253 gemma
1569 2202 1683 2250 (urgit.
1734 2201 1816 2236 Non
1840 2205 1951 2239 omnis

252 2204 502 2304 praetm
517 2249 609 2283 busta
621 2254 761 2288 excitat,
787 2249 846 2292 qifi
859 2263 914 2289 ea,
941 2264 1015 2296 quae
1035 2251 1131 2287 illurn
1145 2252 1178 2286 in
1197 2265 1314 2288 aurum
1329 2253 1493 2300 eliquant.
1547 2252 1650 2296 (ccidi
1672 2267 1697 2289 e,
1727 2255 1857 2286 Bonum
1879 2262 1949 2287 erat

358 2301 480 2336 Bruto,
508 2311 563 2344 per
583 2299 678 2338 huius
695 2298 812 2334 casum'
825 2301 932 2335 Roma
948 2301 1045 2335 stetit.
1097 2303 1224 2336 Bonum
1241 2314 1309 2337 erat
1326 2305 1468 2338 Horatio
1483 2303 1616 2340 cccliii,
1644 2313 1699 2347 per
1711 2302 1805 2344 hujus
1822 2300 1947 2345 lapsum

251 2345 395 2393 collapia
407 2348 512 2381 Patria
534 2347 685 2385 surrexit.
737 2352 870 2383 Bonum
883 2361 952 2383 erat
968 2353 1103 2389 Antaeox
1128 2353 1406 2394 ncnshrret'iurus,
1432 2352 1619 2397 nicecidiffit
1633 2374 1642 2388 ³
1666 2361 1742 2387 erat.
1798 2349 1946 2385 Tollitur

251 2397 287 2430 in
304 2395 406 2431 altum
424 2395 578 2430 informis
592 2397 715 2445 glebae‚
744 2410 779 2431 ac
789 2409 879 2432 terrae
900 2398 1093 2445 imperfedta
1117 2401 1232 2435 massa:
1259 2413 1291 2436 at
1310 2414 1345 2436 ut
1364 2403 1503 2437 velutin
1520 2401 1724 2436 conflatorio
1743 2399 1818 2433 {olis
1841 2399 1917 2434 foco
1932 2399 1950 2435 a

250 2447 352 2480 icoria
363 2457 560 2492 purgaretur
570 2470 578 2483 ‚
608 2450 641 2481 in
653 2447 793 2492 lapidem
806 2446 956 2481 fulminis
967 2448 1078 2483 libore
1091 2448 1250 2484 solidatur
1261 2474 1274 2489 .
1301 2452 1504 2498 deciduaque
1513 2452 1552 2483 de
1563 2450 1648 2484 coelo
1657 2448 1766 2483 anulis
1777 2447 1944 2488 inseritur,

253 2496 288 2528 in
301 2493 506 2541 fignaculum
517 2493 725 2533 efformarur.
779 2495 916 2532 Labitur
930 2498 1070 2532 humana
1081 2498 1240 2546 fragilitas
1252 2523 1261 2538 ,
1286 2502 1319 2534 in
1330 2500 1474 2546 lapidem
1488 2489 1689 2536 offenfionfs
1708 2501 1805 2532 etiam
1818 2500 1947 2532 Heroes

253 2545 469 2592 impingunt:>
496 2555 533 2577 ut
543 2543 621 2579 ausu
632 2544 766 2579 fortiori
778 2546 816 2578 ad
827 2549 928 2588 majus
939 2546 1051 2593 gloria*
1066 2551 1306 2583 incrementum
1322 2550 1505 2597 aslurgant:
1535 2549 1668 2593 cecidcffe
1683 2552 1783 2589 juvat.
1835 2549 1874 2581 Et
1889 2547 1946 2581 Sol

255 2593 719 2639 occidirreditqr'ieillustrior.
769 2596 810 2628 Er
823 2597 856 2628 in
873 2596 1095 2641 profluentem
1110 2599 1246 2645 Cygnus
1258 2599 1441 2639 delabitur,
1468 2612 1504 2634 ut
1521 2599 1692 2632 candidior
1709 2608 1866 2643 emergat.
1907 2598 1947 2631 Et

256 2640 375 2687 aquilis
386 2654 501 2688 pennae
511 2643 685 2682 decidunt,
699 2655 734 2678 ut
745 2642 924 2679 velociores
935 2646 1149 2690 repullulent,
1161 2659 1196 2681 ut
1210 2651 1244 2682 &
1262 2646 1440 2695 respirante
1451 2650 1532 2696 pede
1546 2658 1646 2694 prout
1663 2649 1697 2680 in
1712 2658 1827 2681 terram
1841 2657 1948 2691 equus

255 2688 359 2737 surgit
370 2704 409 2724 ex
426 2688 516 2738 lapsu
530 2691 685 2728 velocior.
735 2695 775 2727 Et
788 2692 972 2727 demersum
995 2698 1028 2728 in
1049 2696 1206 2744 pelagusr
1262 2710 1278 2731 e
1291 2699 1395 2743 praeda
1409 2700 1500 2733 dives
1519 2699 1700 2744 egreditur.
1750 2697 1787 2729 Et
1800 2693 1947 2729 defossus

256 2740 365 2773 inima
387 2752 478 2774 terrae
510 2740 655 2776 surculus
672 2741 834 2775 fructibus
845 2747 954 2789 gravis
964 2746 1123 2793 exsurgit.
1172 2747 1211 2780 Et
1223 2746 1397 2783 con’suetus
1410 2750 1445 2782 in
1458 2750 1525 2783 acic
1537 2746 1685 2781 bellidux
1700 2746 1828 2779 animos
1852 2743 1944 2779 resu—

260 2799 356 2822 mens
381 2789 532 2823 meliores
546 2789 672 2825 laureas
691 2793 798 2825 metit.

447 2837 635 2887 Serbgemis‚
656 2839 791 2887 ciamspes
801 2840 886 2875 haud
895 2842 1014 2888 reliqua
1022 2843 1060 2886 est
1070 2844 1196 2880 remedii
1208 2856 1217 2884 ζ

260 2900 310 2932 Ita
323 2898 449 2934 dicebat
468 2900 592 2937 Electra
603 2903 880 2950 Clyremnestram
898 2907 1094 2953 redarguens
1107 2909 1193 2956 apud
1213 2909 1401 2953 Euripidem
1415 2933 1425 2951 ,
1458 2911 1534 2958 quia
1551 2910 1623 2957 post
1638 2909 1743 2945 casum
1764 2921 1832 2943 non
1844 2908 1946 2943 daba-

260 2959 316 2981 tur
327 2947 503 2994 resurgere.
532 2954 573 2985 At
585 2974 596 2992 ,
620 2953 677 2987 ubi
688 2955 793 2988 redire
802 2955 897 2989 datur
906 2956 945 2989 ad
960 2957 1077 2992 melius
1088 2982 1097 2997 ‚
1122 2958 1200 2992 mal&
1210 2968 1330 3003 captum
1339 2957 1411 2992 ben&
1420 2971 1559 2993 mutatur
1569 2983 1579 2997 ‚
1610 2959 1649 2993 fic
1659 2963 1690 2993 in
1704 2957 1882 3006 proverbio
1892 2959 1945 2993 di-

262 3008 357 3030 cente
369 2998 523 3043 Philippo
543 2999 750 3047 imperatore.
800 3006 942 3038 Memini
960 3018 1012 3039 me
1032 3007 1161 3052 legisse:
1197 3007 1337 3054 quodde
1359 3007 1451 3052 Julio
1466 3009 1591 3043 Caesare
1611 3010 1786 3042 Suetonius
1813 3006 1949 3046 scribite

263 3045 424 3102 Rbodum
438 3047 568 3092 petebat
578 3050 684 3085 Caesar
693 3053 831 3087 daturus
843 3065 978 3100 operam
992 3058 1051 3089 arti
1066 3057 1280 3091 benedicendi
1293 3056 1475 3104 Apollonio
1487 3058 1641 3092 Molonio
1654 3057 1949 3104 Praeceptore.cum

264 3106 348 3129 circa
371 3096 648 3134 Pharmacusam&
664 3101 876 3148 praedonibus
888 3114 999 3151 captus
1016 3105 1074 3143 est.
1127 3104 1250 3141 Verum
1272 3109 1452 3143 numeratis
1475 3110 1720 3155 quinquaginta
1743 3107 1875 3141 talentis
1896 3119 1948 3141 re·-

1766 3157 1943 3203 demptus»
