2060 3444
606 186 971 260 Philosophico
979 222 1001 230 —
1012 187 1240 241 Politica't.
1695 196 1796 254 253

101 268 283 314 Reperitur
293 272 393 306 etiam
408 270 529 307 flavum
539 272 641 307 instar
652 271 764 317 butyri
776 272 877 307 molle
888 297 898 313 ‚
911 271 1007 320 quod
1018 273 1054 306 in
1065 272 1143 307 soro
1161 271 1328 307 Vulcanio
1340 269 1446 319 prope
1459 268 1637 318 Neapolim
1656 268 1801 306 foditur·

103 317 223 353 Refert
235 321 451 360 Matthiolus.
478 322 508 355 se
534 321 619 356 illud
639 322 771 360 vidiile,
792 319 1034 358 contrectasse,
1052 318 1214 368 gustasse,
1236 332 1299 355 nec
1321 324 1506 368 quicquam
1522 329 1678 367 ¹‘unquam
1694 318 1803 364 magis

102 368 349 404 adstriCkorium
374 367 559 417 percepisse.
611 370 665 404 Est
682 369 818 405 alumen
834 373 933 405 etia-m
958 370 1127 405 iustitium
1140 393 1151 409 ,
1172 369 1267 417 quod
1287 370 1328 404 sit
1341 372 1483 404 exomni
1495 381 1584 417 aqua
1594 367 1804 411 alumin02a3

101 419 188 464 prim
197 418 252 451 iim
278 421 312 452 in
331 422 467 453 cortinis
486 419 599 456 costa,
616 429 690 453 tum
710 420 835 454 >deinde
852 432 910 467 per
927 418 1058 454 canales
1077 420 1203 458 duola,
1221 415 1512 453 concrescithim
1524 415 1676 465 aquavilla
1685 416 1804 450 inalu·

100 478 198 504 men,
220 469 312 513 quod
333 468 407 514 ipsis
421 468 586 502 canalium
606 467 766 502 lateribus
790 469 932 504 adhaetet
947 491 957 507 ,
974 471 1011 503 ὃ(
1030 469 1096 503 hoc
1114 468 1329 506 estalumem
1342 468 1439 515 quod
1453 467 1557 516 vulgo
1569 467 1802 514 Rupisvocant.

98 516 337 551 Saccharinnm
348 530 387 551 ex
398 516 545 551 alumi-ne
555 518 681 553 Roc‘bae
694 541 703 556 ‚
723 516 894 552 albumine
912 529 1056 552 ovorum
1071 540 1082 556 ,
1103 521 1277 564 &aquatae
1289 516 1462 556 rosarum,
1479 520 1514 551 in
1533 517 1638 551 maflae
1646 514 1802 551 turbina2

100 574 141 598 tae
166 563 312 600 formam
334 590 350 612 ‚
392 568 539 600 sac-chari
577 566 677 600 instar
704 565 892 614 «effingitur.
969 568 1052 600 Ul-us
1073 566 1234 602 aluminis
1252 569 1362 601 varius
1380 566 1430 600 est
1450 566 1560 613 primo
1576 576 1663 612 aqua
1682 562 1800 604 fortis,

100 625 199 660 quam
214 616 354 662 stygiam
367 627 464 649 vocat
476 639 484 653 ,
511 626 552 648 ex
575 615 730 649 alumi-nis
745 620 896 661 portione
907 615 946 649 fit
961 625 972 662 3
997 614 1083 649 illud
1102 619 1192 650 enim
1210 613 1288 650 satis
1301 617 1384 649 acria
1394 615 1589 663 corpuscula
1599 613 1799 661 suppeditat,

99 663 251 698 Secundo
265 668 332 697 aeris
348 663 495 698 colorem
517 676 600 711 aqua
611 664 794 699 aluminosa
808 664 960 699 conciliat
1004 665 1105 699 tet-tio
1116 663 1471 700 librariialuminosam
1482 676 1603 713 aquam
1614 661 1797 701 adhibent,

98 724 134 747 ut
151 713 262 747 charta
273 713 486 747 indeimbnta
499 711 618 747 fortior
629 714 768 752 evadat,
794 726 831 749 ut
847 714 998 760 superius
1012 718 1263 753 annotavimus,
1283 716 1395 761 rigore
1406 713 1665 748 illiusmollities
1675 712 1794 745 cbartae

96 761 303 810 astringitur.
356 762 562 797 -Aurificibus
576 774 713 809 quoque
722 765 793 798 uiui
806 764 851 797 est
865 787 875 802 ,
896 776 975 797 cum
992 776 1034 797 ex
1048 763 1203 798 aluminis
1212 767 1365 810 portione
1378 762 1433 797 illa
1444 775 1530 809 aqua
1540 761 1638 797 -fortis
1647 760 1793 796 destille-

98 822 172 849 tur,
199 822 297 857 qnam
318 808 529 857 separationis
541 823 670 846 vocant.
726 812 975 859 Deniquelanis
998 814 1167 859 tingendis
1180 814 1232 847 vel
1250 812 1438 847 inficiendis
1449 811 1706 849 alumenservit,
1716 812 1794 858 quia

96 860 287 908 corpuscula
299 859 385 894 illius
395 872 534 896 textutae
551 860 648 895 facile
665 861 1016 910 adbaerentsect‘tmque
1034 861 1182 896 colorem
1192 874 1363 909 pigmenta
1379 865 1528 897 tenacius
1540 860 1732 908 implicant,
1755 862 1792 894 &

92 908 247 957 affigunt.

190 956 371 992 Conclusio
386 957 536 993 secunda.
572 959 712 994 Nitrum
742 961 852 1008 (quod
871 963 904 995 in
915 960 1096 1008 quae‘stione
1120 959 1473 1008 prioridefinivimus)
1493 958 1547 994 seu
1565 957 1788 996 salinitrium.

97 1006 291 1042 balinitrum
304 1005 356 1041 seu
368 1007 540 1054 salpetrae,
566 1007 635 1042 haec
646 1012 733 1043 enim
749 1022 808 1056 pro
820 1012 938 1044 eodem
964 1014 1188 1045 communiter
1206 1012 1413 1057 accipiuntur
1426 1008 1520 1043 >aliud
1536 1007 1660 1048 fossile,
1696 1007 1789 1040 aliud

97 1055 284 1092 factitium:
311 1056 394 1090 illud
404 1058 555 1092 educitur
564 1069 604 1092 ex
614 1056 738 1093 fodinis
749 1059 800 1093 vel
808 1057 986 1094 efflorescit
995 1061 1028 1093 in
1037 1058 1106 1105 ipsa
1114 1058 1386 1106 superficietetrae
1395 1081 1406 1098 ,
1431 1059 1482 1092 vel
1492 1070 1582 1105 aquae
1593 1080 1602 1094 ‚
1627 1056 1678 1092 vel
1687 1057 1789 1090 adna-

96 1107 192 1140 scitur
204 1105 421 1140 subterraneis
430 1109 567 1141 cameris
579 1104 631 1141 seu
644 1106 828 1143 fornicibus
838 1109 879 1142 ad
893 1108 1195 1154 instarflstrrarurn.
1228 1109 1405 1143 factitium
1418 1118 1529 1141 a-utem
1549 1104 1687 1140 efficitur
1700 1117 1741 1138 ex
1751 1116 1788 1138 a·

94 1167 160 1202 qua
172 1154 293 1189 nitrosa
309 1178 320 1193 ,
340 1154 447 1203 qualis
458 1155 599 1203 estaqua
610 1156 702 1196 Nili,
722 1156 1024 1205 quaeconcresc-itin
1039 1160 1165 1193 nitrum
1180 1181 1190 1196 ,
1210 1158 1358 1192 derivata
1368 1160 1403 1191 in
1412 1159 1576 1192 nitrarias.
1629 1158 1677 1190 Fit
1690 1157 1788 1188 etiam

96 1216 136 1238 ex
146 1205 266 1238 lixivio
275 1207 394 1239 cineris
406 1207 557 1251 quercini
569 1227 580 1244 ‚
600 1204 652 1239 vel
664 1217 758 1242 terrae
769 1206 899 1241 nitrosae
909 1230 921 1245 ‚
936 1206 989 1241 vel
999 1207 1070 1241 fimi
1082 1230 1094 1246 ‚
1111 1207 1163 1242 vel
1174 1218 1267 1242 terrae
1281 1206 1389 1241 multo
1403 1206 1584 1240 stercore&
1602 1201 1707 1240 muita
1720 1205 1790 1237 uti-

97 1252 137 1288 nfi
155 1253 305 1291 tubactae.
356 1255 466 1288 Multo
478 1258 554 1302 igne
564 1254 710 1297 constat,
726 1259 808 1304 quia
825 1255 925 1290 facile
945 1257 1154 1296 accenditur,
1171 1260 1259 1291 unde
1278 1254 1388 1302 pulvis
1399 1257 1639 1290 tormentarius
1650 1266 1690 1287 ex
1701 1256 1792 1286 nitro

96 1302 285 1341 conficitur.
338 1302 485 1338 Includit
506 1315 615 1338 tamen
629 1304 764 1352 aliquid.
776 1306 948 1344 humoris,
962 1318 1032 1354 quo
1047 1305 1106 1344 fit,
1126 1318 1164 1341 ut
1182 1303 1280 1340 >facile
1297 1304 1392 1339 abeat
1410 1308 1445 1339 in
1455 1304 1563 1341 flatus.
1615 1301 1788 1349 Asperium
1821 1308 1826 1312 ·

94 1356 192 1386 etiam
202 1362 296 1387 aceto
307 1350 444 1391 ebullit,
469 1352 622 1401 analogia
636 1354 684 1388 est
703 1356 737 1389 in
751 1354 849 1394 calce.
908 1355 1094 1403 Singularis
1113 1356 1206 1390 illius
1227 1357 1408 1401 proprietas
1431 1354 1476 1388 est
1496 1352 1662 1387 summum
1683 1350 1790 1397 frigus

93 1402 275 1436 conciliare
286 1403 365 1435 vino
381 1401 536 1448 velaquae
552 1412 565 1447 ς
586 1400 713 1438 ‹fi-enim
726 1403 843 1452 lagena
857 1406 984 1444 vitrea,
1004 1407 1094 1449 cujus
1106 1403 1276 1439 collumfit
1287 1402 1422 1451 longius
1439 1407 1474 1438 &
1487 1414 1602 1437 venter
1617 1399 1790 1448 sphaericus

95 1452 184 1486 intra
201 1450 244 1485 sal
254 1452 379 1485 nitrum
398 1451 501 1499 probe.
518 1455 636 1488 tritum
656 1452 812 1489 volvatur
824 1478 833 1494 ,
848 1456 966 1489 vinum
982 1453 1110 1489 intense
1130 1453 1273 1502 frigefit,
1291 1453 1384 1500 quod
1402 1451 1478 1487 tane
1489 1454 1609 1485 mirum
1621 1450 1665 1484 est
1677 1473 1690 1488 ,
1712 1447 1791 1483 cum

95 1500 223 1535 constet
236 1499 320 1534 illud
331 1500 438 1536 multa
448 1503 674 1550 virtuteignia
692 1503 759 1538 erle
773 1504 960 1550 ptaeditum.
1016 1504 1213 1538 faecundum
1232 1506 1334 1537 etiam
1355 1502 1420 1541 est,
1440 1502 1529 1536 unde
1547 1512 1637 1534 terrae
1658 1498 1790 1533 nitrosae

90 1550 168 1584 sunt
180 1550 363 1588 uberiores,
413 1551 550 1595 inclytis
566 1553 770 1587 Macedoniae
784 1555 952 1600 optimum
970 1553 1038 1593 est,
1053 1552 1271 1587 Calastricum
1292 1563 1428 1588 vocant,
1457 1550 1638 1585 candidum
1650 1571 1660 1585 ,
1675 1551 1789 1595 proxi·

90 1598 252 1646 mumque
260 1598 330 1634 sali.
379 1601 483 1635 Lacus
493 1600 538 1635 est
547 1602 693 1637 nitrosus
704 1602 859 1637 exiliente
870 1603 890 1636 ὲ
900 1603 1009 1637 medio
1020 1601 1110 1637 dulci
1125 1601 1300 1639 tenticulo.
1337 1603 1388 1636 Fit
1401 1600 1446 1634 ibi
1458 1602 1586 1634 nitrum
1604 1600 1687 1632 circa
1700 1597 1791 1629 canis

90 1660 205 1683 ortum
218 1651 360 1684 novenis
372 1650 504 1687 diebus,
519 1649 735 1699 totidemque
744 1650 860 1690 cessat,
872 1663 908 1686 ac
920 1650 1049 1686 rursum
1060 1654 1190 1685 innatat
1203 1655 1235 1686 ὃς
1246 1650 1367 1684 deinde
1379 1649 1487 1685 cessat.
1514 1647 1704 1682 Illisautem
1717 1646 1790 1678 die-

93 1697 167 1737 bus,
177 1698 303 1746 quibus
315 1701 485 1746 gignitur,
502 1698 525 1734 fi
536 1698 629 1735 fuere
641 1701 764 1736 imbres
779 1725 788 1741 ‚
806 1699 919 1735 (alfius
937 1703 1064 1734 nitrum
1085 1699 1212 1734 faciunt
1223 1722 1232 1738 ‚
1254 1698 1440 1747 Aquilones
1449 1699 1613 1735 deterius,
1638 1698 1717 1742 quia
1728 1706 1787 1731 va.

88 1747 191 1783 lidius
204 1759 276 1782 com
283 1748 704 1798 moventlimum.AEgypti
715 1750 773 1784 suo
782 1752 875 1784 nitro
886 1749 1054 1797 raphanos
1064 1748 1295 1796 aspergebant,
1306 1761 1375 1782 non
1387 1746 1481 1782 aliter
1491 1759 1529 1781 ac
1543 1758 1603 1780 nos
1617 1745 1691 1780 sale.
1710 1746 1789 1778 Ma..

91 1799 233 1833 tedones
243 1798 368 1845 aliquid
380 1800 421 1833 de
432 1798 611 1834 calastraeo
621 1797 814 1834 adfarinam
830 1799 977 1837 addunt,
993 1797 1069 1832 cum
1082 1811 1176 1838 eam,
1192 1810 1230 1833 ut
1246 1797 1369 1832 faciant
1384 1809 1500 1842 panem
1511 1820 1520 1835 ,
1542 1795 1717 1841 subigunt.

192 1847 376 1883 Con.·lufio
387 1851 498 1886 tertia.
525 1849 739 1884 Bitumenest
753 1847 990 1894 succusterrae,
1010 1847 1139 1887 lentus,
1159 1859 1268 1885 tenax,
1290 1845 1493 1893 picisimilis,
1509 1843 1665 1879 facillime
1675 1845 1791 1889 ignem

94 1900 300 1944 concipiens.
352 1898 406 1932 Est
415 1902 576 1934 durum&
592 1899 756 1946 ltquidum.
806 1900 939 1933 Durum
951 1921 962 1936 ‚
983 1898 1073 1944 quod
1091 1893 1210 1930 fortius
1226 1907 1420 1930 concretum
1444 1898 1477 1928 &
1489 1906 1588 1928 tenax
1599 1894 1643 1926 est
1655 1916 1664 1930 ,
1686 1891 1789 1925 instat

94 1960 205 1984 terreae
215 1947 318 1996 glebae
340 1951 377 1983 δέ
389 1948 572 1982 carbonum
586 1960 733 1995 apparet.
784 1949 893 1990 Hujus
904 1949 1034 1994 gentris
1047 1945 1121 1980 sunt
1132 1944 1338 1993 αίξῦὴαῖιια,
1356 1944 1571 1991 ‘Ptffaphaltus‚
1583 1943 1794 1987 &fhrcinuma

94 1998 276 2044 Asphaltus
288 1996 332 2031 est
344 1997 493 2031 bitumen
507 1999 686 2045 nigricans,
706 1999 766 2044 pici
779 1995 887 2032 simile
899 2025 911 2036 ,
930 1995 984 2030 sed
996 1997 1109 2029 durius
1120 1998 1155 2030 ὅ(
1169 1995 1273 2041 magis
1285 1994 1488 2040 inspissatum
1499 2018 1508 2033 ‚
1528 1993 1742 2039 splendidius,
1756 1993 1791 2023 &

95 2049 206 2082 minus
218 2046 299 2080 male
313 2045 420 2081 olens.
470 2050 579 2094 Atque
588 2047 654 2081 haec
669 2047 788 2094 species
803 2050 836 2081 in
852 2042 919 2081 tota
930 2044 1127 2091 Babylonica
1139 2047 1293 2090 Regione
1304 2041 1457 2083 nascitur,
1474 2046 1550 2078 &in
1565 2042 1636 2076 lacu
1645 2037 1791 2087 Asphal..

94 2100 157 2132 tite
172 2121 182 2137 ‚
196 2095 362 2131 referente
374 2095 517 2134 Pliniol.
532 2107 586 2141 35.
598 2107 628 2133 c,
648 2107 699 2142 ις,
727 2097 901 2131 Tenacitas
921 2094 1010 2129 illius
1022 2092 1154 2128 dissolvi
1169 2096 1288 2128 dicitur
1307 2096 1466 2139 languine
1484 2092 1653 2126 menstruo
1666 2114 1675 2129 ‚
1698 2087 1792 2134 quod

95 2145 120 2181 fi
134 2158 247 2181 verum
259 2144 299 2180 fit
309 2169 318 2185 ‚
348 2148 434 2180 ratio
446 2145 486 2179 ab
498 2147 678 2180 acrimonia
691 2149 725 2182 δε
735 2147 950 2180 mordacitate
963 2144 1191 2189 semicorrupti
1204 2144 1286 2177 lucei
1301 2143 1437 2188 petenda
1455 2142 1512 2176 est.
1565 2137 1796 2186 Piss'aiphaltus

96 2196 144 2230 est
162 2195 314 2230 bitumen
329 2196 584 2242 quodammodo
605 2197 769 2243 nigricans
790 2194 896 2243 tnagis
916 2206 1050 2228 terrenae
1067 2195 1305 2229 concretionis.
1356 2194 1520 2225 Succinum
1538 2190 1582 2225 est
1596 2189 1793 2224 bitumen&

99 2247 232 2292 pinguis
247 2257 338 2280 terrae
352 2243 465 2279 succus
478 2268 489 2283 ‚
507 2247 602 2290 cuius
613 2247 754 2278 maxima
771 2257 843 2291 pars
853 2246 1020 2279 invenitur
1032 2246 1066 2276 in
1077 2242 1195 2277 Peuma
1205 2244 1243 2275 ad
1255 2242 1346 2277 littus
1356 2244 1454 2276 maris
1464 2242 1578 2275 Baltici
1591 2264 1600 2280 ‚
1617 2241 1657 2274 de
1674 2239 1750 2272 loco
1762 2248 1794 2270 e-

97 2293 211 2342 jusque
225 2298 349 2328 virtute
360 2293 461 2328 fufius
471 2296 505 2328 in
516 2293 709 2338 Qaestione
722 2293 873 2342 sequenti
884 2292 1085 2328 disseremus,

201 2343 367 2389 quuidum
378 2344 530 2378 bitumen
540 2343 584 2378 est
599 2366 611 2383 ,
633 2344 727 2388 quod
747 2341 924 2378 utoleosus
937 2339 1203 2388 liquordiffluit3
1228 2338 1452 2387 cujusspecies
1470 2338 1710 2387 praestantiores
1721 2333 1794 2369 sunt

98 2390 227 2438 Naphta
239 2397 272 2428 &
284 2393 408 2428 Ambra
418 2392 565 2429 Arabrca.
618 2393 755 2441 Naphta
763 2393 809 2427 est
816 2393 971 2427 bitumen
995 2390 1161 2438 liquidum
1173 2391 1238 2423 olei
1251 2389 1377 2425 lentore
1392 2416 1404 2435 ‚
1426 2394 1460 2424 &
1469 2388 1604 2424 crassitie
1613 2394 1632 2431 ς
1645 2396 1796 2420 tantam,

99 2444 169 2476 vim
179 2443 267 2486 ignis
276 2443 419 2482 babens,
437 2455 475 2477 ut
487 2446 579 2490 ignes
588 2456 628 2477 ex
638 2443 830 2491 longinquo
839 2442 878 2475 ad
892 2444 922 2475 ie
935 2441 1045 2475 trahat
1060 2462 1071 2477 ‚
1091 2444 1126 2474 &
1141 2439 1384 2480 inflammetur,
1402 2451 1461 2474 nec
1470 2438 1512 2473 ab
1522 2449 1608 2484 aqua
1621 2433 1729 2470 infusa
1744 2445 1796 2467 re-

100 2491 223 2538 stingui
237 2492 332 2537 poffit
341 2505 476 2540 propter
488 2495 700 2528 tenacitatem
712 2516 722 2531 ,
745 2505 819 2538 quae
830 2490 871 2524 ab
881 2503 965 2536 aqua
975 2488 1080 2536 subigi
1095 2502 1164 2523 non
1180 2489 1285 2535 potest
1296 2497 1309 2538 3
1333 2490 1439 2524 immo
1449 2487 1489 2522 ab
1501 2500 1535 2522 ea
1549 2485 1655 2533 magis
1666 2496 1721 2530 per
1734 2495 1796 2516 an-

99 2539 298 2587 tipetistafin
315 2542 517 2577 accenditur.
569 2543 660 2577 Hinc
676 2553 826 2587 tempore
842 2539 959 2587 pluvio
983 2538 1192 2573 bituminosae
1210 2550 1301 2572 terrae
1322 2540 1460 2573 accenlae
1479 2536 1584 2584 magis
1596 2534 1720 2568 ardent.
1770 2531 1796 2566 Ε

99 2593 202 2638 petris
215 2589 640 2638 flueosdiciturpetroleum,
659 2589 752 2640 quasi
767 2591 854 2624 dicas
865 2589 993 2636 Naphta
1007 2599 1122 2635 petrea.
1176 2589 1254 2622 Dixi
1270 2613 1278 2623 .
1293 2588 1387 2635 quod
1412 2588 1452 2622 ad
1471 2587 1501 2621 se
1522 2586 1625 2620 trahat
1637 2605 1648 2621 ‚
1674 2582 1707 2616 id
1727 2579 1771 2637 es}
1785 2603 1797 2620 ,

98 2652 169 2676 non
188 2640 282 2688 quod
306 2640 419 2676 revera
438 2641 562 2683 trahat,
580 2641 634 2676 sed
655 2641 747 2689 quod
762 2637 922 2675 viscosum
934 2638 1094 2676 halitum,
1112 2635 1292 2672 insenfibili
1312 2635 1451 2672 effluvio
1463 2638 1612 2671 emittat,
1628 2633 1686 2679 qui
1699 2628 1798 2664 fuste

98 2691 371 2737 concipitignem
383 2715 391 2730 ,
412 2693 458 2725 ita
472 2703 509 2726 ut
519 2691 678 2726 continua
689 2688 880 2724 accensione
890 2713 900 2729 ,
922 2700 960 2723 ut
975 2687 1013 2722 fit
1024 2690 1058 2722 in
1072 2687 1216 2735 pulveris
1225 2688 1332 2722 ttastu
1343 2711 1354 2726 ‚
1372 2689 1457 2734 ignis
1467 2687 1565 2719 etiam
1580 2681 1620 2716 ad
1633 2680 1796 2727 naphtam

103 2743 285 2788 perveniat.
339 2739 459 2775 Ambra
470 2741 515 2775 est
525 2740 676 2776 bitumen
687 2737 971 2788 flagrantiffinium
984 2762 994 2778 ‚
1010 2748 1047 2772 ut
1063 2749 1140 2771 cum
1155 2736 1396 2783 preciosissimis
1416 2731 1606 2769 conferatur
1620 2727 1798 2786 mercibus.

102 2791 151 2826 Ex
163 2801 245 2825 terra
257 2787 442 2824 submarina
453 2789 635 2839 fungorum
649 2790 748 2825 instar
758 2790 842 2824 nasci
852 2787 986 2834 quidam
999 2787 1212 2834 existimantg
1240 2785 1394 2821 nonnulli
1409 2781 1528 2831 piscem
1541 2778 1671 2816 Aselum
1688 2789 1799 2813 nomt-

102 2853 145 2876 ne
156 2867 170 2884 ‚
188 2838 449 2875 avidiffimeeam
462 2839 618 2888 prosequi
629 2839 795 2877 scribunt,
822 2839 959 2885 ejt'isque
975 2836 1031 2872 esu
1054 2848 1169 2871 necem
1185 2835 1243 2870 fibi
1259 2832 1453 2870 consciscere
1465 2855 1475 2870 ,
1495 2831 1587 2878 quod
1604 2828 1681 2864 curn
1698 2827 1801 2862 sciant

102 2888 298 2936 piscatores,
315 2888 455 2924 funibus
465 2891 684 2926 constriaum
697 2913 708 2929 ,
733 2899 926 2923 exenterare
940 2897 1110 2922 mortuum
1123 2885 1241 2923 solent,
1270 2880 1440 2919 Matthiol.
1454 2884 1488 2915 in
1504 2878 1652 2915 Dioscor.
1666 2877 1688 2913 l.
1700 2889 1733 2917 ι.
1757 2879 1801 2934 {l-

101 2939 138 2975 lii
149 2951 267 2986 putant
278 2949 524 2974 excrementum
538 2937 602 2974 esse
616 2939 753 2987 piscium
767 2938 973 2987 aliquorum,
995 2935 1184 2984 analogiam
1193 2933 1298 2968 danti
1310 2930 1424 2984 musco
1434 2934 1468 2966 &
1481 2929 1551 2965 aliis
1559 2929 1802 2983 odorament¹J›

104 3001 178 3037 quae
192 3002 232 3025 ex
243 2989 440 3039 quibusdam
451 2987 649 3024 animalibus
660 2989 847 3025 educuntur
859 3015 871 3033 ,
890 3001 925 3025 v.
936 3000 970 3035 g.
983 2985 1130 3021 Castoris
1140 3008 1150 3024 ‚
1175 2984 1292 3017 Martis
1307 2985 1375 3020 &c.
1400 2982 1508 3015 verior
1517 2980 1678 3014 sententia
1688 2975 1801 3034 existi-

104 3049 216 3074 matur
225 3064 236 3080 ,
255 3053 330 3087 quae
340 3040 437 3073 docet
446 3062 457 3077 ,
483 3039 575 3086 quod
588 3038 701 3074 ambra
714 3038 838 3073 defluat
849 3038 890 3071 de
902 3035 1053 3071 fontibus
1065 3037 1100 3070 in
1112 3044 1213 3070 mare,
1227 3030 1342 3079 ibique
1355 3031 1542 3065 induratam
1552 3030 1622 3074 ejici
1632 3030 1666 3062 in
1675 3026 1803 3062 littora.

108 3088 334 3136 Emplastrum
351 3102 391 3124 ex
411 3087 523 3122 ambra
543 3088 642 3123 calvis
657 3085 966 3124 &imbecillitatem
980 3098 1020 3120 ex
1029 3083 1155 3131 frigore
1166 3082 1281 3126 capitis
1294 3077 1730 3115 sentientibuscomtnodum
1743 3073 1800 3108 est.

108 3139 216 3175 Cordi
226 3137 287 3175 nifi
296 3139 314 3175 ὲ
326 3138 451 3187 frigida
461 3135 554 3174 causa
565 3148 730 3187 occupato
740 3148 859 3172 nocere
872 3134 978 3185 potest
989 3143 1004 3184 ζ,
1028 3133 1150 3216 stinclei
1161 3128 1328 3224 fi3spiritus
1337 3129 1540 3166 incalescunt
1553 3152 1563 3172 ,
1591 3131 1624 3162 ὅ(
1638 3124 1722 3173 justo
1731 3134 1806 3221 ng}
