2003 3434
641 141 946 211 philosophico
963 171 981 181 —
999 145 1192 201 Politica.
1662 167 1744 224 ²³55

71 246 132 269 nec
144 234 185 270 ab
196 235 271 282 igne
279 234 441 276 consumi,
450 236 518 271 imo
528 235 595 282 quo
603 233 714 281 saepius
725 239 830 276 arder,
841 237 928 272 tanto
939 238 1010 284 plus
1023 238 1152 285 proficit
1161 239 1199 272 ad
1216 239 1405 275 bonitatem.
1457 243 1604 276 Limonis
1615 253 1743 277 tarnem,

70 284 179 320 succus
190 285 288 318 bostis
304 286 348 319 est
358 288 493 332 ponderi
506 309 516 323 ‚
531 285 607 319 teste
619 289 749 319 Lemnio
765 287 880 323 occult.
899 287 921 325 l.
934 299 967 325 2.
987 299 1052 333 cap.
1068 293 1125 330 36.
1153 290 1186 321 &
1207 287 1316 323 siauro
1340 290 1525 336 liquescenti
1546 291 1740 336 gallinarum

71 333 237 371 membra,
265 346 298 368 ut
311 335 454 380 loquitur
466 335 590 368 Plinius
603 333 623 368 l.
637 345 697 378 29.
710 347 778 382 cap.
786 349 820 382 4.
843 334 1035 370 misceantur
1045 361 1055 375 ,
1079 336 1290 377 consumunt,
1318 341 1457 374 calorem
1479 339 1667 374 animalium
1682 341 1742 373 ali-

69 385 151 425 quid
162 385 196 416 in
208 383 285 416 illud
308 385 413 430 posse,
431 384 645 419 VVendlerus
656 385 783 420 testatur
794 397 826 418 in
837 386 1045 431 prognostico
1057 387 1143 419 Anni
1162 397 1176 422 1
1186 390 1267 431 619.
1295 391 1343 421 cui
1356 390 1563 434 adstipulatur
1575 389 1743 422 Schnitze-

67 443 123 466 rus
138 434 229 477 epist,
245 445 302 475 50,
318 445 470 468 narrans:
497 435 531 466 in
543 433 652 466 occisae
664 433 792 479 gallinae
805 434 985 468 ventriculo
998 457 1007 471 ,
1018 446 1173 469 nummos
1184 435 1310 481 aliquot
1321 440 1357 470 ad
1372 440 1580 472 medietatem
1590 437 1722 471 contum
1731 456 1744 465 -

67 491 142 528 ptos
153 485 306 516 inventos
316 483 387 516 elie.
437 483 599 516 Caeterum
609 482 775 517 invenitur
787 486 820 517 in
834 494 923 517 terrae
937 483 1110 518 vilceribus
1124 487 1208 518 inter
1225 486 1295 518 saxa
1307 486 1478 530 {plendore
1496 489 1628 520 candida
1641 486 1741 532 potis-

68 529 182 565 fimum
195 533 227 564 in
239 533 406 566 montibus
418 530 582 568 Arabicis,
603 530 637 563 in
648 530 768 565 fodinis
781 534 964 566 Germania:
982 556 992 570 ,
1012 535 1198 580 quingentis
1215 536 1314 580 utgiis
1332 536 1384 568 seu
1404 537 1538 581 patlibus
1557 535 1741 581 profundis,

65 578 118 614 sed
130 583 162 614 &
176 582 210 613 in
221 580 410 615 fluminibus
421 579 549 626 copiose
560 580 705 614 volvitur
717 604 728 619 ,
746 593 779 615 ut
789 584 823 615 in
834 583 926 628 Tago
935 581 1097 615 Lufitaniae
1109 587 1141 617 &
1158 585 1255 616 Edeta
1268 585 1378 617 Haffiae
1389 585 1534 624 flumine,
1590 587 1638 618 De
1649 587 1741 618 Hun-

64 631 152 676 garia
163 629 292 664 testatur
300 630 488 664 Ortelianus
500 631 534 662 in
546 630 694 674 Epitome
707 633 741 663 in
755 631 819 664 haec
829 632 924 664 verba
934 645 945 664 .-
971 633 1005 663 in
1017 631 1177 678 plerisque
1188 632 1378 666 fluminibus
1393 636 1459 666 auri
1473 637 1598 679 optima
1611 645 1720 668 tamen
1730 651 1739 660 -

65 689 97 711 ta
111 681 348 719 inveniuntur;
375 681 454 726 quin
465 679 542 710 &in
565 678 687 712 vitibus
706 681 740 712 in
754 679 900 714 aurifero
912 678 980 712 lolo
1001 682 1069 713 latis
1084 693 1195 714 autum
1208 691 1404 726 quandoque
1416 682 1537 728 legunt.
1589 686 1741 726 Repertae

64 728 101 761 in
120 730 273 774 Hiipania
284 729 396 762 decem
406 727 503 761 libras
516 728 710 761 excedentes
721 729 839 763 massaee
885 731 1059 763 Inventum
1072 731 1167 764 etiarn
1177 742 1282 764 aratro
1297 732 1329 763 in
1339 733 1368 764 G
1378 733 1454 764 ditia
1469 732 1601 765 (cilium.
1615 732 1740 772 stasim.

64 778 151 819 144.
190 780 224 810 ln
238 778 406 812 montibus
417 776 656 811 Giloviensium
667 780 779 822 pondo
793 779 960 813 duodecim
971 778 1112 812 avulsam
1126 780 1164 812 de
1175 779 1259 813 silke
1270 779 1410 817 massam,
1425 783 1529 814 scribit
1543 780 1740 818 Dubravuus.

63 838 134 873 quae
146 829 179 861 &
191 828 401 862 VVenceslao
411 827 495 873 Regi
507 826 660 865 exhibita,
697 831 725 861 A
736 826 880 862 formicis
888 827 973 874 apud
994 829 1091 860 Indos
1104 829 1356 874 (magnitudine
1367 830 1413 862 hae
1424 831 1551 875 AEgypti
1564 830 1742 874 luporum)

63 879 204 922 egeritur
215 878 248 909 δι
259 878 474 910 coniervatur.
500 875 641 921 Jonston.
653 877 828 917 flammat.
838 880 924 916 Nat,
974 878 1013 909 In
1031 877 1205 920 AEthiopiae
1221 882 1317 912 maris
1334 877 1445 911 inlulis
1459 890 1543 911 tanta
1556 881 1620 921 ejus
1634 882 1742 924 copia,

63 936 99 959 ut
110 935 211 971 equos
222 925 466 960 talentoincolae
480 937 712 972 permutarent.
741 929 823 965 Plin.
835 929 858 965 Ι.
875 933 981 972 6,cap,
997 929 1053 968 36.
1104 924 1302 961 Refertur&
1313 929 1345 961 in
1357 928 1483 962 Granio
1497 927 1606 972 sepulti
1623 928 1724 961 creaii
1735 945 1742 953 ·

63 973 100 1008 se
110 986 223 1008 aurum
235 998 243 1012 ,
262 976 351 1021 quod
363 975 461 1009 fidem
474 986 542 1008 non
561 977 707 1014 excedit,
725 987 799 1010 nam
813 977 946 1021 perinde
969 979 1001 1008 in
1017 975 1152 1008 humani
1171 975 1281 1016 Cranii
1294 976 1498 1009 commistum
1512 980 1742 1014 concrescere...

61 1023 179 1058 halitus
189 1024 371 1058 metallicus
382 1026 497 1069 potuit,
506 1035 604 1070 atque
616 1028 747 1059 nuncin
759 1023 950 1059 tenwffimis
960 1024 1103 1069 lapidum
1116 1025 1216 1059 timis.
1243 1028 1279 1059 ln
1291 1025 1449 1072 capitibus
1459 1028 1575 1072 pariter
1587 1027 1718 1071 pilcium
1731 1047 1742 1064 ‚

62 1084 145 1120 quas
155 1073 296 1107 Forellas
306 1075 358 1108 (eu
369 1075 613 1109 Trutas‘vocant
627 1097 637 1112 ‚
647 1077 792 1119 generari
806 1074 874 1109 vult
896 1078 1059 1122 Magirus,

164 1122 341 1156 Conclusio
362 1124 510 1157 lecunda.
563 1124 776 1169 proprietates
796 1127 862 1157 auri
880 1125 1050 1169 {equentes
1062 1126 1223 1158 numerari
1243 1123 1357 1164 {olent⁴
1412 1124 1524 1158 Prima.
1556 1126 1742 1159 Omnium.»

64 1170 277 1205 metallorum
296 1171 517 1206 molliffimum
530 1173 574 1206 est
585 1197 593 1212 ‚
603 1176 636 1207 Sc
647 1173 865 1207 tenuiffimum
877 1195 887 1210 ‚
898 1175 931 1206 &
946 1183 1115 1217 propterea
1127 1173 1269 1208 latiffime
1280 1175 1384 1208 diduci
1397 1177 1428 1208 &
1440 1174 1562 1208 dilatari
1575 1175 1686 1213 potest,
1699 1175 1741 1205 ita

64 1230 101 1254 ut
114 1221 207 1254 uncia
222 1233 286 1255 una
306 1223 375 1256 auri
387 1232 495 1269 regere
507 1222 598 1268 possit
610 1223 687 1256 octo
699 1223 825 1268 argenti
838 1223 973 1267 pondo3
1000 1221 1051 1255 vel
1065 1222 1200 1263 melius,
1218 1224 1251 1256 in
1270 1223 1487 1269 septingentas
1506 1225 1743 1268 quinquaginta

64 1268 518 1317 bracteas.1euf01nquatuor
529 1273 705 1318 digitorum
718 1273 815 1318 longa
829 1271 933 1305 &lata
946 1270 1066 1305 malleo
1075 1271 1194 1306 artifice
1205 1275 1343 1306 extendi.
1370 1275 1490 1307 Plinitu
1500 1275 1514 1305 l
1525 1285 1601 1314 33³-
1611 1285 1637 1314 3.
1670 1273 1725 1304 Hu
1736 1292 1743 1297 -

61 1318 349 1363 jusdufflbilitatis
369 1321 628 1354 ratiodeducitur
641 1331 713 1355 tum
735 1333 776 1354 ex
790 1320 930 1355 mollitie
944 1344 954 1358 ‚
973 1332 1040 1355 tum
1059 1332 1098 1354 ex
1121 1321 1270 1368 fingulxti
1292 1332 1426 1366 parvum
1443 1322 1566 1366 plexu3
1588 1321 1744 1355 mollities

64 1370 156 1402 enim
171 1369 248 1402 iacit
259 1392 270 1407 ‚
286 1380 320 1404 ut
333 1379 438 1416 partes
451 1371 564 1403 cedant
586 1384 596 1410 ς
625 1381 786 1404 accuratus
798 1381 904 1404 autem
918 1373 1054 1415 partium
1069 1369 1182 1415 plexus
1191 1369 1381 1404 divisionem
1395 1371 1556 1418 prohibet.
1584 1372 1746 1416 Analogia

63 1417 154 1452 estin
167 1428 251 1452 terta
264 1419 389 1465 pingui,
400 1421 433 1451 &
444 1429 513 1453 cera
524 1420 629 1454 molli.
679 1421 808 1454 Accedit
819 1423 964 1465 corporis
979 1420 1129 1459 soliditas,
1140 1432 1212 1453 narn
1227 1423 1387 1466 contingit
1400 1433 1444 1465 qu
1454 1422 1609 1465 ludoque,
1625 1431 1657 1452 ut
1668 1421 1745 1451 dum

64 1478 181 1512 corpus
200 1467 332 1513 aliquod
344 1468 471 1502 ducitur
482 1470 514 1501 in
526 1469 618 1501 hlum
630 1492 640 1506 ,
663 1480 829 1513 rumpatur
839 1468 967 1502 defsuu
981 1471 1135 1506 materiae,
1160 1482 1229 1516 quae
1243 1482 1316 1504 curn
1329 1474 1430 1502 rarior
1442 1470 1476 1502 sit
1486 1492 1495 1506 ‚
1516 1472 1550 1503 &
1564 1481 1595 1502 m
1607 1468 1743 1510 imbus

67 1517 300 1555 vacuitatibus,
320 1520 372 1551 ieu
383 1519 470 1562 poris
484 1522 611 1563 pervia,
634 1518 689 1551 ubi
707 1519 744 1551 ad
758 1519 884 1552 {urnam
895 1520 1083 1552 tenuitatem
1097 1530 1289 1562 perventum
1300 1519 1355 1557 est,
1371 1518 1452 1552 nihil
1466 1519 1532 1552 fere
1545 1521 1682 1552 matetiae
1697 1516 1747 1551 su·

63 1565 185 1612 petest,
205 1564 356 1600 (edmera
367 1567 525 1605 vacuitas,
546 1579 580 1601 ut
593 1569 701 1602 videre
712 1567 754 1600 est
766 1570 800 1600 in
815 1566 921 1606 vissoq
950 1569 1036 1602 unde
1050 1567 1095 1601 nil
1107 1570 1227 1602 mirum
1242 1591 1251 1606 ,
1268 1568 1288 1601 si
1300 1568 1414 1602 divifio
1433 1571 1593 1614 fequatut.

162 1615 310 1649 Secunda
319 1618 496 1662 proprietas
506 1616 551 1650 est
562 1639 571 1654 ,
581 1617 669 1662 quod
683 1619 883 1662 pinguedine
895 1627 999 1650 careat
1008 1640 1017 1655 ‚
1031 1616 1171 1660 ideoque
1183 1629 1242 1651 nec
1252 1619 1349 1663 tingit
1358 1641 1369 1656 ‚
1385 1616 1436 1651 seu
1448 1618 1547 1650 foedat
1558 1640 1567 1653 ,
1581 1627 1688 1662 neque
1699 1617 1750 1660 ig-

67 1675 110 1698 ne
122 1663 335 1705 consumitur,
388 1667 453 1698 nni
467 1667 554 1699 enirn
568 1678 647 1699 auro
658 1678 698 1699 ex
710 1665 864 1700 omnibus
882 1664 1019 1699 metallis
1029 1667 1172 1699 maxime*
1184 1666 1265 1698 nihil
1275 1668 1399 1710 deperit
1420 1669 1515 1711 igne,
1537 1676 1571 1699 ut
1588 1668 1628 1699 ait
1643 1664 1752 1705 Ανιθ,

68 1724 101 1755 3.
113 1717 251 1748 Mereor.
265 1727 290 1751 e.
304 1720 332 1753 6,
361 1715 451 1760 quod
461 1713 625 1760 intelligas
637 1715 735 1748 velim
747 1716 781 1747 in
794 1716 882 1747 ienlu
895 1713 1046 1758 pbyfic03
1077 1716 1197 1754 jaaura
1208 1716 1295 1748 enirn
1308 1714 1396 1748 insen
1404 1714 1514 1748 sibilils
1525 1739 1533 1753 ‚
1548 1718 1579 1749 &
1592 1727 1750 1758 evapora-

65 1766 113 1797 tio
125 1764 234 1810 negari
249 1775 304 1796 v.x
316 1763 427 1809 potest.
481 1764 580 1805 Quod
593 1762 612 1796 fi
634 1766 710 1797 certi
723 1761 800 1796 sales
813 1763 945 1809 quidam
965 1762 1234 1797 commisceantur
1252 1775 1332 1797 auto
1345 1788 1354 1801 ,
1374 1765 1555 1798 destruetur
1566 1787 1576 1802 ,
1600 1763 1750 1798 anteerte

65 1812 284 1847 calcinabitur.
335 1816 419 1846 Ante
430 1811 694 1858 liquatunquam
707 1812 867 1851 rubescat,
880 1815 913 1845 δε
932 1813 1064 1845 candeat
1075 1834 1085 1849 ,
1095 1815 1170 1857 quia
1182 1812 1273 1846 citius
1288 1815 1414 1846 rareicit
1426 1813 1556 1850 humor,
1568 1813 1665 1857 quam
1678 1812 1750 1846 col-

66 1861 209 1906 ligantur
227 1862 386 1907 particulae
399 1867 500 1907 igneae
512 1862 550 1895 ad
563 1862 674 1896 statum
688 1860 783 1894 illum
794 1862 975 1901 ignitionis.
1031 1860 1208 1896 Accensum
1219 1862 1296 1895 vero
1307 1860 1437 1897 difficile
1449 1863 1661 1908 extinquitur,
1674 1863 1751 1908 quia

71 1911 192 1945 humor
205 1912 348 1955 separare
358 1922 425 1944 non
437 1910 516 1944 adeo
526 1909 620 1943 facile
634 1910 735 1951 potest
746 1909 901 1943 cometam
910 1908 1083 1954 igniculos,

168 1962 278 1994 Tertia
293 1962 472 2006 proprietas
481 1959 526 1993 est
535 1983 544 1996 ‚
555 1959 641 2004 quod
651 1958 687 1992 fit
695 1958 912 2005 graviffimurn
921 1961 1072 1992 omnium
1086 1958 1291 1994 metallorum
1303 1982 1313 1998 ,
1327 1960 1399 1994 cum
1413 1959 1490 1996 ficut
1501 1963 1638 2003 puritate
1647 1985 1655 1997 ‚
1666 1959 1705 1994 fic
1717 1962 1753 1995 &

67 2011 214 2055 pondere
223 2011 335 2043 eadem
348 2012 483 2054 superet.
532 2009 647 2042 Oritur
660 2009 724 2041 haec
738 2010 875 2054 gravitas
889 2007 934 2041 ob
944 2006 1123 2042 substantiae
1132 2008 1318 2043 densitatem
1330 2032 1340 2048 ,
1350 2011 1426 2055 quia
1439 2010 1556 2044 seilicet
1567 2012 1687 2054 optime
1700 2022 1754 2044 ca-

66 2060 138 2093 lore
152 2061 358 2106 compaQum
370 2058 426 2092 est.
478 2057 530 2091 Est
541 2060 627 2091 enim
640 2057 814 2103 temperate
827 2057 967 2092 calidum
989 2059 1022 2091 &
1032 2056 1157 2093 fictum.
1211 2060 1307 2092 Unde
1325 2071 1381 2093 cot
1392 2059 1538 2094 hominis
1557 2059 1755 2098 exhilarare,

69 2110 181 2143 vitales
192 2110 317 2154 ipimus
328 2108 563 2146 corroborate,
584 2108 601 2141 a
613 2119 750 2154 corpore
761 2106 965 2151 putredinem
979 2118 1086 2142 arcete
1100 2129 1111 2146 ‚
1132 2118 1242 2142 curare
1254 2106 1377 2153 lepram
1389 2131 1400 2148 ,
1412 2111 1478 2149 διε.
1490 2111 1618 2144 dicitur.
1668 2109 1753 2144 Vide

70 2161 215 2194 Planium
225 2158 279 2193 lib.
297 2171 343 2201 ¹3-
362 2169 428 2204 cap,
446 2170 472 2191 1.

166 2210 228 2242 His
246 2209 499 2243 annumerandae
509 2205 584 2242 sunt
601 2206 769 2248 sequentes
782 2205 961 2249 qualitates.
1012 2206 1136 2241 Aurum
1150 2207 1205 2241 uiu
1215 2208 1269 2241 vix
1278 2208 1436 2242 atteritur.
1488 2208 1649 2254 bemict?
1667 2207 1756 2242 reso-

67 2257 173 2292 lutum
185 2269 249 2292 tam
261 2257 441 2304 spititolum
454 2259 562 2291 evadit
576 2281 587 2296 ‚
604 2267 639 2291 ut
650 2257 670 2291 li
682 2256 784 2290 ferrea
793 2258 929 2301 agitetur
942 2255 1064 2298 (patuli
1077 2279 1088 2295 ,
1114 2257 1163 2291 vel
1177 2255 1242 2290 alio
1255 2256 1420 2290 incalescat
1439 2260 1539 2291 modo
1551 2282 1561 2296 ,
1585 2269 1663 2290 mox
1679 2269 1756 2292 cum

73 2308 181 2341 {onitu
191 2307 352 2342 flammam
367 2309 550 2352 concipiat,
568 2310 602 2341 &
615 2308 780 2348 potentius
796 2306 891 2339 unius
903 2309 968 2345 eius
979 2305 1306 2350 operaturlcrupulus
1323 2330 1330 2343 ,
1350 2307 1447 2349 quam
1461 2308 1595 2340 dimidia
1612 2306 1757 2351 pulveris

74 2360 274 2400 tormentarij
296 2356 389 2398 libra,
416 2359 550 2392 Grauius
571 2360 695 2391 citante
707 2359 834 2390 Senerto
844 2365 910 2400 cap.
931 2366 942 2388 1
953 2361 986 2396 8.
1001 2354 1125 2400 decons,
1140 2358 1175 2394 ὠ·
1186 2354 1297 2401 diffins
1306 2356 1540 2402 Ghymzaeorum.
1566 2368 1662 2403 pauca
1672 2355 1757 2390 certe

73 2410 140 2445 eius
150 2418 247 2452 grana
257 2407 569 2454 perpendiculariter
581 2418 727 2441 centrum
743 2405 848 2438 versus
860 2404 879 2437 si
892 2405 1047 2443 serantur,
1057 2407 1199 2438 mensam
1213 2405 1353 2451 ligneam
1367 2405 1622 2440 transverberate
1635 2405 1757 2443 valent.

72 2458 266 2505 Qercetan.
314 2458 394 2492 Non
406 2456 449 2490 est
459 2456 612 2490 sonorum
623 2480 632 2494 ,
644 2467 750 2498 neque
763 2453 929 2488 tinnulum
941 2477 951 2492 ,
972 2453 1044 2486 cum
1060 2465 1157 2495 poros
1168 2452 1284 2489 habeat
1294 2455 1493 2500 angustiores
1506 2478 1516 2494 ‚
1533 2456 1619 2490 unde
1629 2458 1662 2489 &
1673 2463 1758 2499 quo-

70 2516 120 2540 vis
134 2507 235 2540 modo
246 2507 423 2550 percuslum
437 2504 563 2540 nullum
577 2517 630 2540 aut
643 2507 794 2551 exiguum
806 2503 1007 2536 editionum.
1037 2502 1082 2535 sui
1095 2502 1147 2537 vel
1161 2502 1293 2537 alterius
1303 2503 1422 2538 coloris
1435 2504 1536 2538 lineas
1560 2516 1626 2538 non
1640 2506 1682 2537 im
1690 2504 1758 2541 pri-⁸

70 2558 131 2590 mit
143 2554 285 2595 lubiesto
295 2557 423 2602 corpori
433 2555 491 2590 nili
503 2554 637 2589 coticula
651 2554 714 2588 five
725 2554 828 2599 Lydio
837 2551 936 2596 lapidi
947 2562 1096 2586 atteratur
1111 2562 1207 2596 ;tunc
1217 2556 1305 2587 enim
1317 2553 1418 2588 lineas
1431 2555 1475 2588 lui
1495 2553 1672 2588 simillimas
1683 2552 1759 2585 red-

71 2605 133 2639 dit.
181 2606 270 2639 Hine
284 2606 553 2640 necattreEtantis
575 2608 610 2638 &
623 2600 1080 2638 numerantismanuminficit
1099 2601 1143 2634 ob
1154 2603 1295 2636 sordium
1315 2606 1501 2638 earenriam.
1555 2603 1696 2641 Quando
1710 2600 1761 2634 ΩΙ·

72 2655 133 2690 teti
147 2654 280 2688 metallo
295 2655 503 2701 permiscetur
514 2677 523 2692 ‚
544 2654 668 2688 caerulei
684 2653 805 2688 eoloris
824 2651 1026 2686 amoeniffimi
1039 2648 1223 2697 rubiginem
1235 2675 1246 2691 ,
1269 2653 1397 2697 qualern
1415 2653 1554 2697 piantes
1566 2650 1761 2684 Ultramari-

61 2716 151 2741 ,num
166 2713 305 2742 vocant,
325 2705 487 2738 contrahit
501 2727 511 2740 ‚
533 2707 565 2738 &
579 2701 844 2737 effunderelolet.
896 2701 927 2734 si
945 2702 979 2733 in
990 2700 1080 2745 aquis
1097 2702 1216 2739 acutis,
1235 2713 1317 2743 quas
1332 2702 1487 2738 Aurifices
1499 2702 1537 2734 ad
1551 2701 1760 2746 ieparandum

71 2766 188 2788 aurum
200 2754 238 2786 ab
251 2765 388 2799 argento
398 2753 551 2788 adhibere
566 2753 670 2788 (olent
681 2776 690 2791 ‚
703 2761 842 2796 ponatu‘
853 2772 863 2787 ,
875 2750 909 2782 in
923 2748 1038 2783 limum
1049 2750 1185 2783 minime
1194 2750 1326 2787 {olvitur
1337 2776 1346 2790 ,
1367 2751 1457 2786 sedin
1471 2749 1638 2795 particulas
1651 2750 1762 2783 insen-

73 2802 181 2837 fibiles
194 2804 351 2837 dividitur
364 2827 373 2841 ,
385 2815 455 2848 quae
466 2802 574 2836 ficcatfi
583 2803 664 2846 aqui
676 2801 814 2848 pristina*
824 2799 931 2832 denuo
941 2797 1056 2832 formae
1066 2800 1266 2834 reuniuntur.
1317 2803 1398 2835 Non
1411 2802 1453 2833 ita
1463 2800 1612 2839 exquisite
1622 2799 1762 2842 laevigari

73 2852 199 2899 potest,
224 2856 256 2886 &
272 2854 409 2898 expoliti
430 2863 640 2896 utargentutn
656 2864 666 2890 ς
692 2849 832 2896 perstant
851 2849 938 2881 enim
952 2845 1123 2889 ‚semperin
1142 2861 1183 2883 eo
1197 2851 1388 2887 monticuli,
1405 2852 1438 2882 &
1462 2848 1660 2888 cavilatulae3
1685 2849 1763 2882 inde

77 2902 199 2936 flavum
215 2902 358 2935 colorem
380 2895 544 2946 nunquam
557 2901 706 2945 deperdit
725 2899 978 2931 determinatum
1003 2897 1043 2931 ab
1057 2909 1091 2931 ea
1101 2899 1320 2941 inaequalitate
1331 2897 1522 2943 superficiei.
1572 2899 1603 2932 Si
1622 2911 1676 2944 per
1688 2897 1764 2932 bra·

77 2951 217 2986 &colam
230 2954 297 2985 auri
313 2951 496 2995 transpicias
510 2973 519 2988 .
540 2952 733 2984 viriditatem
750 2949 862 2989 vides;
889 2947 954 2979 haec
963 2957 1069 2981 autem
1081 2948 1200 2993 species
1210 2970 1219 2985 ‚
1249 2950 1282 2980 &
1295 2947 1385 2979 color
1395 2947 1440 2980 est
1449 2947 1494 2980 ob
1504 2959 1626 2992 pauco*
1637 2948 1763 2985 radios,

71 3004 107 3036 &
122 3002 306 3035 inordinate
317 3001 479 3035 “adustos
491 3011 530 3033 ex
542 3000 670 3040 obier
682 3010 738 3043 per
749 2995 947 3031 bracceoiam
961 2997 999 3030 ad
1009 2997 1153 3031 oculum.
1205 2995 1377 3029 lmbibfrur
1388 2999 1487 3043 ulque
1497 2997 1576 3030 adeo
1587 2998 1763 3033 Mercurio,

78 3062 114 3086 ut
126 3051 274 3085 reddatur
284 3050 385 3084 molle
401 3061 553 3096 tanquam
573 3047 720 3083 butirum
732 3070 740 3082 .
760 3049 794 3079 &
807 3045 868 3079 hoc
887 3045 1047 3092 est,quod
1070 3048 1199 3080 dieunt.
1217 3048 1430 3093 Amalgama,
1481 3045 1626 3080 Vulnera
1646 3045 1765 3080 instru-

76 3113 134 3137 me
143 3102 208 3136 ntis
228 3102 333 3138 aureis
345 3101 478 3135 traciam
498 3097 621 3134 felicius
633 3108 786 3134 curantur
796 3118 807 3134 ‚
820 3092 1094 3143 nec-aspernantur
1103 3118 1114 3135 ,
1141 3095 1216 3178 οὲὶα
1227 3098 1344 3138 optimi
1363 3097 1608 3143 temperamenti
1622 3096 1692 3130 cum
1703 3091 1739 3127 fit
1752 3116 1765 3132 ,

1197 3155 1219 3176 fl
1245 3155 1268 3182 2
1636 3152 1758 3180 mentis
