2060 3444
252 149 360 221 196
897 147 1274 220 Meteorologia

247 235 451 274 continetur,
462 237 496 270 &
509 233 649 281 stagnat.
661 234 694 268 &
708 229 730 266 fi
748 228 932 280 aliquando
943 232 978 267 iu
987 234 1186 269 contrariam
1198 243 1323 280 partem
1332 233 1441 270 ventis
1451 229 1650 279 propellitur
1659 253 1669 268 ‚
1688 231 1820 278 cogitur
1832 239 1912 264 tunc
1925 251 1940 269 ,

247 297 319 321 nou
333 282 417 323 fluit.
451 283 550 318 Unde
563 281 658 318 fluvii
669 293 788 316 omnes
799 284 833 316 in
851 279 950 328 plano
958 281 1075 318 declivi
1087 283 1209 321 fluunt,
1219 280 1278 316 nifi
1288 286 1380 317 enim
1390 282 1502 317 alveus
1510 281 1644 316 declivis
1653 277 1739 314 foret
1749 304 1759 320 ‚
1781 291 1851 314 nou
1861 274 1939 312 effer

248 336 354 378 maior
364 336 462 372 ratio,
471 343 530 367 cur
539 343 623 379 aqua
633 333 668 366 in
677 331 759 366 hanc
770 330 893 379 potius,
906 330 1007 377 quam
1018 332 1109 368 illam
1126 343 1252 377 partem
1266 330 1430 366 difflueret
1441 342 1455 370 x
1482 333 1634 378 utigitur
1658 340 1743 375 aqua
1769 328 1863 367 fluat,
1882 338 1936 361 te-

249 384 355 431 quirit
371 381 499 428 semper
507 380 654 429 aliquam
667 380 890 415 declivitatem
904 380 1012 427 spatii,
1022 382 1099 421 five,
1112 392 1148 417 ut
1161 379 1277 415 scholae
1286 379 1484 428 loquuntur,
1497 381 1659 415 terminus
1668 376 1753 423 izquo
1761 373 1939 413 necessario

247 432 349 468 altior
359 430 410 466 eff
405 444 420 465 e
432 429 542 471 debet,
552 429 654 477 quam
670 432 834 465 terminus
842 427 885 464 ad
893 441 996 476 quem.

364 479 516 515 Deduces
525 480 606 514 hinc
617 478 740 527 primo.
772 481 818 514 Ut
833 478 892 513 fiat
904 490 1015 515 motus
1026 479 1177 527 phyficus
1189 492 1224 515 ac
1235 478 1393 515 sensibilis
1400 491 1563 527 aquarum
1572 476 1612 511 ab
1625 489 1694 512 uno
1708 474 1783 509 loco
1797 476 1837 510 ad
1852 475 1936 510 alte-

249 542 324 566 tum
336 540 397 576 pro
407 530 537 564 rarione
555 529 649 576 spatii
659 530 758 564 etiam
771 540 858 563 certa
867 531 1049 576 requiritur
1059 528 1227 564 declivitas
1239 527 1349 564 saltem
1363 528 1581 575 iufficiens,ut
1592 538 1706 562 motus
1718 523 1775 559 ille
1787 524 1938 568 perficia-

250 590 318 617 tur.
352 580 400 612 Ita
410 576 433 612 fi
444 590 530 624 aqua
544 578 696 626 stagnans
705 577 776 612 fieri
787 577 904 611 debeat
918 577 1036 617 fluens,
1048 580 1099 613 vel
1113 577 1134 611 fi
1153 577 1223 613 fieri
1234 577 1351 613 debeat
1368 580 1580 627 aquaeduCtus
1591 578 1626 611 in
1636 577 1743 623 spatio
1756 572 1942 609 uniusmil·

247 627 362 676 liaris3
387 629 433 662 ita
443 625 539 663 debet
548 627 600 662 hic
609 628 753 675 disponi,
764 638 799 661 ut
810 625 923 661 saltem
933 639 1075 675 quatuor
1088 630 1205 667 unciis,
1220 641 1357 676 quarum
1373 629 1549 662 duodecim
1558 635 1732 672 exaequant
1744 623 1873 669 pedem,
1900 621 1938 658 fit

249 674 405 714 inferior,
416 688 451 711 ac
464 687 579 711 centro
592 688 684 711 terrae
698 678 839 710 vicinior
853 679 1000 710 termium
1007 677 1050 712 ad
1058 689 1161 723 quem.
1179 679 1282 725 quarn
1297 681 1444 712 terminus
1453 677 1555 724 izquo,
1595 677 1646 709 Sic
1659 676 1736 709 &in
1749 671 1854 709 altero
1863 670 1938 706 mil·

252 724 326 760 liari
337 724 553 761 subducendae
562 725 637 760 sunt
648 737 687 759 ex
701 724 909 760 libellatione
921 738 1066 773 quatuor
1077 728 1192 761 unciae.

349 773 503 809 Deduces
513 775 667 811 secundo.
691 775 825 821 Aquam
835 775 1006 814 fluentem.
1020 787 1056 810 ut
1067 774 1270 821 experientia
1277 778 1376 811 etiam
1389 776 1529 815 constat,
1546 771 1742 810 naturaliter
1752 784 1821 807 non
1831 768 1942 804 ascen·

251 822 328 857 dere
336 824 375 857 ad
384 822 496 859 locum
506 823 660 859 altiorem
671 821 725 858 sua
737 826 869 872 origine
879 823 944 859 sive
956 824 1057 859 libere
1069 823 1229 870 fluat‚s1ve
1239 825 1402 861 meatibus
1411 825 1591 861 εοιιίὶιίᾶει
1601 822 1648 858 fit.
1657 824 1746 858 Hinc
1754 826 1858 858 etiam
1871 829 1943 853 ma·

250 874 296 907 ris
313 870 505 918 superficies
515 873 674 908 humilior
687 873 747 912 est,
763 874 863 920 quam
876 872 913 907 fit
921 873 1114 908 fluviorum.
1702 890 1705 891 ⁷

337 921 483 956 Adverte
497 934 621 960 tamen,
633 934 705 957 non
718 935 859 957 omnem
878 935 935 968 per
945 923 1118 957 decursum
1133 922 1264 957 alveum
1278 921 1456 958 necessario
1474 920 1594 958 debere
1607 924 1672 959 esse
1701 924 1828 972 ubique
1841 916 1944 954 decli·

250 968 340 1008 vem,
352 970 439 1005 nihil
450 974 539 1006 enim
550 983 649 1010 vetat,
659 972 729 1018 quo
739 972 850 1006 minus
870 983 940 1006 tum
955 984 1091 1018 propter
1104 974 1311 1018 imperumin
1323 975 1430 1019 primo
1440 970 1593 1007 descensu
1609 973 1808 1021 acquifitum
1835 993 1846 1008 2
1870 977 1945 1003 tum

250 1021 329 1066 quia
340 1031 427 1054 nova
439 1019 567 1068 semper
582 1032 666 1069 aqua
687 1018 859 1056 succedens
872 1022 1016 1068 priorem
1031 1021 1146 1063 trudit,
1156 1021 1244 1056 nihil
1257 1023 1397 1070 inquam
1412 1031 1513 1061 vetat,
1524 1022 1593 1068 quo
1603 1022 1714 1058 minus
1734 1026 1770 1058 in
1780 1021 1945 1057 horizon-

249 1067 308 1103 tali
319 1067 419 1115 plano
434 1069 536 1104 fluere
545 1081 698 1118 pergant.

333 1117 517 1153 Conclusio
527 1118 677 1157 secunda·
704 1118 809 1166 Aquae
821 1118 960 1154 fluentes
972 1130 1154 1157 moventur
1168 1119 1315 1156 velocius
1324 1123 1358 1156 in
1370 1121 1661 1170 superficie,quam
1673 1123 1707 1156 in
1718 1123 1800 1159 imo,
1809 1117 1898 1156 unde
1909 1118 1946 1150 &

249 1165 391 1202 leviores
401 1170 489 1204 lunt.
519 1167 661 1202 Constat
680 1168 746 1202 hoc
765 1169 997 1215 experimento
1014 1183 1147 1210 eorum,
1165 1183 1236 1217 quae
1254 1169 1525 1212 transferuntur,
1547 1171 1608 1206 nifi
1633 1172 1819 1207 contrarius
1827 1175 1948 1206 ventus

248 1215 395 1253 obsistat.
425 1218 457 1250 Id
468 1227 580 1251 autem
596 1218 777 1264 contingit,
795 1217 887 1264 quod
895 1230 981 1266 aqua
991 1218 1098 1255 levior
1109 1219 1148 1255 fit
1159 1222 1195 1254 in
1208 1218 1359 1266 suprema
1377 1232 1483 1268 parte,
1495 1220 1649 1269 adeoque
1659 1221 1848 1268 supernatet
1870 1239 1884 1256 s
1912 1217 1948 1250 ὅ(

249 1264 401 1312 quodibi
412 1265 509 1300 nullo
522 1277 691 1312 prematur
700 1266 845 1314 pondere
855 1267 947 1304 velut
958 1279 1006 1309 ea,
1018 1281 1090 1316 quae
1100 1270 1175 1306 fluit
1184 1271 1219 1303 in
1232 1268 1355 1308 fundo,
1369 1283 1443 1318 quae
1455 1270 1472 1305 ὲ
1484 1271 1647 1317 superiori
1660 1271 1833 1318 premitur.
1874 1267 1948 1299 ΜΘ·

248 1315 302 1348 dia
311 1325 423 1349 autem
437 1315 550 1350 medio
559 1315 647 1356 fluit,
664 1319 698 1352 ὃς
713 1328 948 1351 commovetur
958 1331 1069 1357 motu.
1118 1321 1246 1354 Contra
1256 1331 1331 1367 quae
1341 1322 1375 1354 in
1389 1320 1596 1366 imo‚rnajori
1610 1322 1642 1355 vi
1652 1331 1826 1358 movetur,
1853 1318 1888 1351 &
1900 1310 1946 1347 ob

247 1363 282 1398 id
292 1364 496 1411 tapitlecum
507 1364 826 1412 lapides&arenatn‚
844 1369 1007 1413 quoniam
1025 1371 1141 1413 majori
1153 1368 1300 1416 pondere
1310 1371 1475 1415 premitur
1493 1382 1501 1402 ε
1527 1373 1562 1404 &
1585 1364 1662 1404 ideo
1674 1370 1773 1402 etiarn
1787 1366 1858 1415 quo
1870 1374 1948 1411 pto·

251 1411 502 1450 fundiorestxC)
511 1418 546 1450 &
557 1414 708 1454 validior,
718 1419 752 1451 ὃς
763 1415 808 1449 ob
821 1416 853 1450 id
865 1428 1002 1451 onerata
1012 1417 1138 1452 lentius
1151 1428 1319 1456 movetur,
1332 1418 1386 1452 sed
1397 1420 1512 1462 majori
1523 1416 1595 1452 nisu
1608 1417 1733 1461 objeoh
1745 1417 1876 1451 evertit.

346 1464 509 1507 Qaetes:
535 1465 605 1498 Cur
618 1464 729 1499 fluviis
740 1463 1020 1511 profundioribus
1033 1465 1171 1501 celerius
1182 1470 1336 1501 innarent
1347 1467 1477 1504 naves?
1503 1466 1715 1513 Respondeo,
1725 1478 1828 1500 toram
1842 1463 1947 1499 ratio-

243 1522 324 1546 nem
344 1512 523 1547 velocioris
540 1512 651 1548 mortis
673 1513 735 1547 esse
748 1513 969 1549 elevationem
989 1515 1144 1562 suprema:
1162 1515 1345 1560 superficiei
1364 1529 1456 1564 aquae
1473 1518 1513 1549 ad
1527 1518 1708 1551 terminum
1723 1513 1950 1549 decurrentis,

244 1558 468 1606 profundiore
480 1573 591 1597 autem
600 1562 695 1597 alveo
705 1562 804 1597 altior
818 1563 854 1598 fit
868 1562 1068 1608 superficies.
1086 1577 1178 1613 ergo.
1191 1566 1314 1600 Pariter
1327 1565 1415 1600 dulci
1428 1564 1513 1612 aquai
1523 1565 1711 1613 promptius
1722 1563 1876 1598 feruntur
1895 1573 1950 1594 na-

243 1620 301 1643 ves
311 1631 323 1645 ‚
343 1611 421 1655 quia
439 1612 553 1645 minus
566 1611 663 1646 crassa
676 1611 781 1646 facilis
794 1615 869 1646 navi
881 1611 1042 1647 scindenti
1058 1616 1143 1648 viam
1156 1616 1270 1659 aperit.
1315 1614 1367 1648 Sic
1385 1617 1483 1649 etiam
1496 1625 1580 1661 aqua
1594 1614 1740 1648 fluminis
1750 1613 1854 1659 prope
1863 1613 1951 1656 ripas

239 1656 367 1692 tuditis
376 1668 540 1695 movetur,
556 1660 656 1704 quam
669 1662 703 1691 iu
718 1662 840 1695 medio,
851 1664 927 1706 quia
938 1663 1016 1707 ripae
1029 1662 1251 1708 utplurimum
1260 1662 1418 1702 exesae‚ac
1434 1659 1568 1696 sinuosae
1576 1663 1709 1696 cursum
1723 1672 1915 1696 morantur.

338 1703 521 1740 Conclusio
532 1707 641 1745 tertia,
664 1704 823 1741 leviorest
835 1711 944 1743 omnis
958 1721 1056 1755 aqua,
1074 1709 1252 1745 Aristotele
1264 1709 1359 1750 teste,
1369 1723 1438 1745 non
1451 1709 1557 1750 solum
1568 1713 1603 1745 in
1617 1709 1825 1747 fluminibus.
1850 1709 1901 1743 sed
1913 1711 1948 1743 &

242 1755 280 1790 in
290 1750 441 1789 fontibus
457 1766 493 1788 ac
502 1756 613 1801 puteis
625 1779 635 1793 .
656 1767 727 1802 quae
737 1754 949 1803 supernatat3
977 1757 1057 1792 ficut
1066 1759 1274 1805 graviffima,
1298 1772 1370 1805 quae
1388 1762 1512 1795 inimo.
1547 1761 1668 1794 Eadem
1689 1762 1781 1794 enim
1799 1760 1845 1793 est
1860 1758 1946 1792 ratio

243 1804 390 1850 partium
403 1805 609 1851 quaetotius3
628 1803 832 1839 descendunt
840 1809 932 1841 enim
951 1811 1273 1857 quaecunq3gravia,
1291 1821 1363 1854 quae
1371 1820 1481 1843 autem
1494 1809 1578 1842 levia
1600 1809 1825 1856 supernatant.
1854 1807 1945 1841 cum

242 1854 359 1899 itaque
371 1855 458 1886 inter
480 1851 618 1886 flumina
633 1855 779 1888 cernitur
792 1866 896 1889 unum
915 1855 1010 1890 alteri
1025 1857 1237 1903 lupernatare
1250 1878 1261 1894 ‚
1287 1868 1323 1891 ut
1339 1857 1507 1892 Titaresus
1525 1858 1654 1897 Peneo,
1684 1861 1718 1892 &
1737 1856 1947 1891 Poristhenes

243 1903 399 1949 Hypani,
419 1903 506 1936 ratio
523 1901 569 1936 est
585 1903 622 1937 in
633 1905 798 1950 gravitate
815 1906 916 1940 unius
934 1908 970 1940 &
990 1904 1124 1941 levitate
1143 1906 1299 1951 alterius,
1321 1907 1372 1941 vel
1382 1909 1482 1941 etiam
1497 1905 1569 1941 aliis
1578 1907 1618 1940 de
1628 1905 1750 1952 causis,
1772 1917 1809 1940 ur
1822 1904 1844 1939 si
1864 1904 1947 1939 alte-

242 1962 319 1986 rum
330 1950 369 1985 fir
379 1948 535 1989 oleofius.

342 2002 481 2046 Qiaetes
491 2003 539 2047 pri
547 1999 615 2036 mo.
640 2001 712 2036 Cur
732 2000 874 2037 flumina
884 2000 914 2036 se
928 2004 963 2038 in
976 2016 1064 2039 mare
1074 2003 1262 2045 effundant.
1287 2005 1502 2052 Respondeo‚
1510 2005 1674 2053 quosdam
1687 2006 1776 2039 hunc
1785 2002 1945 2039 effluxum

243 2048 406 2085 astrorum
419 2050 534 2084 duum·
547 2048 730 2085 adscribere
742 2050 824 2086 alios
847 2053 1010 2088 mundum
1030 2066 1190 2103 magnum
1210 2057 1380 2104 quoddam
1392 2067 1512 2101 corpus
1524 2066 1612 2089 ratos
1623 2078 1633 2096 ,
1659 2056 1718 2101 qui
1729 2057 1763 2088 in
1774 2065 1872 2088 eotot
1889 2065 1946 2087 ve-

247 2109 304 2132 nas
314 2121 325 2138 .
348 2110 434 2145 quot
447 2099 568 2134 fluvios
579 2098 617 2134 εέ
632 2099 704 2148 lege
726 2111 835 2135 meare
857 2102 1069 2138 crediderunt
1078 2127 1090 2143 ,
1127 2116 1164 2138 ut
1181 2105 1465 2152 quemadmodum
1488 2103 1618 2151 sanguis
1631 2127 1641 2143 .
1667 2103 1736 2138 esto
1754 2101 1872 2138 natura
1893 2101 1948 2136 sua

246 2146 404 2182 humidus
419 2171 431 2187 ‚
451 2149 737 2197 adeoquegravis.
755 2152 908 2185 tamenin
920 2149 1047 2187 bonum
1067 2156 1215 2199 corporis
1238 2154 1401 2190 ascendit,
1429 2151 1634 2188 &continuo
1647 2154 1682 2187 in
1692 2151 1854 2187 circulum
1865 2151 1947 2190 abit,

244 2194 414 2243 redirique.
438 2199 611 2241 Quosdam
629 2210 741 2233 tamen
767 2199 887 2234 fluvios
899 2200 1038 2236 ebibunt
1049 2200 1136 2236 lacus
1145 2225 1156 2241 ,
1182 2204 1405 2249 utJordanem
1417 2201 1617 2248 Asphaltites
1626 2225 1636 2242 ‚
1663 2200 1722 2236 ubi
1735 2212 1949 2248 peramoenus

244 2246 354 2280 amnis
367 2248 401 2279 &
412 2246 539 2281 Christi
551 2245 750 2293 baptismate
767 2248 867 2296 longe
882 2247 1085 2285 feliciffimus
1095 2251 1245 2286 laudatas
1255 2253 1365 2299 perdit
1379 2263 1481 2299 aquas
1493 2250 1715 2298 pestilentium
1729 2251 1952 2289 admixtione.

346 2295 484 2340 Qaeres
497 2294 652 2334 secundo.
703 2297 773 2331 Cur
785 2295 930 2332 flumina
946 2298 1142 2348 plerumque
1156 2304 1322 2336 matutino
1344 2312 1494 2348 tempore
1506 2298 1662 2334 nonnihil
1672 2299 1856 2335 excrescere
1867 2301 1950 2335 lole-

248 2340 326 2381 ant?
347 2343 562 2389 Respondeo,
579 2347 741 2380 rationem
752 2344 824 2386 esse.
839 2347 929 2393 quod
942 2349 1038 2383 nocie
1049 2348 1192 2384 multum
1201 2353 1327 2385 rorisin
1339 2349 1456 2387 aestate,
1466 2351 1500 2383 in
1513 2349 1629 2395 hyeme
1640 2349 1718 2384 vero
1730 2351 1875 2385 multum
1886 2363 1946 2385 ne·

247 2390 333 2427 bulae
342 2392 472 2427 decidat
484 2415 495 2432 ‚
513 2405 581 2441 quo
594 2392 631 2428 fit
643 2417 654 2433 ,
680 2407 716 2429 ut
729 2394 971 2442 sequentiSolis
982 2409 1060 2433 ortu
1083 2397 1225 2435 crescere
1241 2402 1423 2447 incipiant,
1453 2402 1488 2434 &
1504 2399 1640 2446 quidem
1656 2399 1801 2434 maxime
1815 2410 1946 2448 tempo·

249 2439 343 2476 ribus
354 2441 470 2476 mediis
482 2444 518 2476 in
529 2446 703 2477 Autumno
713 2442 833 2478 scilicet
843 2473 856 2492 ‚
871 2457 929 2480 aut
944 2458 1033 2486 vere.
1202 2470 1207 2472 -

321 2491 458 2535 Qaeres
468 2490 582 2528 tertio.
607 2493 694 2536 Quis
709 2491 746 2527 fit
756 2505 849 2527 ortus
864 2495 1012 2530 fluminis
1021 2497 1107 2536 Nili,
1126 2500 1183 2546 qui
1197 2510 1283 2534 unus
1292 2497 1338 2531 est
1350 2511 1389 2532 ex
1400 2499 1569 2545 praecipuis
1581 2498 1683 2531 totius
1692 2495 1782 2532 orbis
1797 2495 1947 2531 flumini-

245 2539 308 2575 bus
319 2537 422 2586 longo
436 2541 541 2575 ttastu
552 2541 679 2576 medios
691 2542 973 2590 secansAEthiopas
985 2549 1207 2595 &AEgypturn
1217 2549 1369 2596 irrigans.
1381 2548 1500 2595 magna
1514 2546 1573 2582 hic
1581 2549 1617 2581 in
1630 2558 1664 2581 re
1678 2549 1764 2582 inter
1776 2546 1947 2593 scriptores

245 2589 442 2637 disceptatio
453 2589 497 2624 est
512 2615 524 2635 ,
545 2601 582 2624 ut
596 2588 679 2624 bene
692 2594 848 2626 cecinerit
861 2593 1023 2631 Lucanus.

427 2652 640 2693 uslrcamcm
650 2664 787 2692 natura
796 2665 901 2708 caput
913 2669 988 2696 non
1008 2657 1182 2714 prodidit
1191 2659 1258 2698 ulli
1266 2676 1276 2699 ε

423 2716 499 2748 Nec
509 2709 616 2749 licuit
621 2712 761 2766 populis
769 2724 932 2766 parvum
948 2726 984 2754 te
1000 2746 1010 2762 ,
1039 2718 1127 2756 Nlle
1134 2716 1287 2765 videre,

421 2770 751 2822 Amovthuestnus
769 2800 776 2814 .
801 2770 846 2814 ὥ·
853 2782 982 2825 gentes
995 2776 1131 2816 maluit
1141 2787 1243 2817 ortus

420 2828 589 2867 mirari
597 2857 609 2875 ‚
638 2827 847 2883 qudmnoffi
863 2841 957 2876 tuos,

246 2888 563 2949 Qidam3utrefert
577 2896 761 2936 Pausanias,
775 2899 809 2931 in
824 2900 1063 2941 Corinthiacis,
1082 2901 1226 2952 suntqui
1237 2916 1277 2938 ex
1290 2904 1452 2951 Euphrate
1461 2906 1546 2941 terra
1565 2904 1702 2941 condito
1715 2914 1751 2938 ac
1760 2902 1871 2950 postea
1888 2901 1942 2939 su-

245 2949 301 2994 pra
313 2939 515 2998 AEthiopiam
533 2945 716 2990 prodeunte
727 2970 738 2986 ,
762 2947 880 2982 Nilum
890 2946 975 2984 effici
986 2951 1194 2992 existement.
1216 2953 1420 2989 Aristotelies
1434 2954 1493 2993 lib.
1514 2968 1544 2993 1.
1557 2958 1698 2990 Mereor.
1712 2964 1785 3000 cap·
1798 2963 1812 2993 Ξ
1825 2951 1943 2998 3λὶῙέ-

243 2998 289 3022 ιιι
298 2999 372 3045 curn
380 3000 460 3024 oriri
483 2992 499 3024 ὲ
518 2999 775 3044 monteArgyro.
823 2996 1019 3034 Ptolomaeus
1029 3003 1144 3041 credit,
1154 3002 1255 3037 fluere
1263 3003 1280 3037 ὲ
1294 3003 1482 3050 palludibus
1494 3004 1662 3040 inferioris
1672 2999 1788 3037 Africae
1799 3025 1809 3042 2
1825 3014 1897 3051 quae
1907 3015 1947 3037 ²-

241 3047 343 3083 quam
359 3049 376 3071 e
388 3039 435 3072 Lu
443 3052 490 3073 nae
501 3043 807 3081 montibusnivibus
817 3045 972 3093 eliquatis
980 3052 1154 3097 recipiunt.
1187 3050 1269 3095 Iuba
1280 3056 1364 3087 inter
1374 3054 1435 3088 alia
1449 3077 1460 3093 ‚
1488 3067 1559 3102 quae
1567 3054 1607 3088 de
1615 3051 1722 3086 libicis
1732 3050 1831 3086 rebus
1842 3050 1945 3100 scrip·

248 3084 288 3121 fit
300 3106 312 3127 ,
333 3090 498 3125 memoriae
516 3093 688 3136 prodidit,
711 3094 831 3132 Nilum
845 3096 885 3131 ad
895 3108 1045 3134 montem
1068 3102 1234 3137 interioris
1251 3104 1458 3139 Mauritaniae
1474 3103 1590 3142 elaea,
1609 3099 1872 3186 quemNili‘st‘E
1884 3114 1945 3148 21²·

1804 3162 1844 3199 pe
1874 3159 1944 3186 anu·
