2060 3444
285 158 403 214 204
952 141 1325 212 Meteorologia

384 227 532 276 Colliges
547 226 699 265 secundo.
751 227 880 275 Aquam
898 224 1009 262 saliam
1019 227 1063 262 ob
1075 227 1244 263 craffitiem
1258 229 1292 261 &
1306 222 1541 276 pinguedinem
1551 222 1683 260 tantoin
1696 226 1831 275 glaciem
1843 221 1962 260 diffici-

285 279 370 315 lius,
393 279 518 326 quanto
530 275 632 311 dulcis
642 274 685 309 ob
698 275 865 310 levitatem
886 274 1015 311 facilius
1027 279 1253 320 convertitur3
1281 276 1369 311 unde
1383 277 1471 324 quod
1490 273 1608 323 glacies
1626 276 1832 311 marisdulcis
1843 274 1893 313 fit,
1910 284 1963 308 ra-

285 330 333 362 tio
342 328 386 362 est
398 352 406 363 .
429 328 539 372 inquit
573 323 749 359 Kircherus
770 324 815 359 lib
832 336 859 367 3.
872 325 991 362 Mund,
1002 324 1087 364 subt.
1099 337 1168 372 cap.
1181 337 1213 368 4.
1223 324 1312 372 quod
1322 337 1406 372 aqua
1417 325 1525 360 (alfior
1535 322 1731 358 condensata
1740 324 1874 372 frigore,
1886 333 1962 371 gra·

285 375 385 411 vitate
395 376 447 409 sua
459 371 599 409 subfidat
610 397 620 412 ,
646 373 749 408 dulcis
762 373 943 409 verocxuta
956 372 1153 410 salsedine&
1167 373 1286 420 pluviis
1298 393 1310 411 ,
1336 373 1534 421 nivibusque
1550 372 1831 415 continudaueka‚
1856 372 1961 408 utile-

282 428 382 461 vitate
392 423 446 457 luci
455 424 599 470 graviori
618 421 823 470 supernatat,
849 425 894 456 ita
904 422 1091 458 circumlito
1102 423 1177 470 gelu
1188 421 1284 457 facile
1296 422 1547 471 constringitur.

379 471 525 518 Colliges
541 470 649 508 tertio.
678 471 802 507 Oleum
821 471 1038 518 aliquomodo
1055 473 1131 519 gelu
1146 471 1360 506 constrictum
1378 473 1508 516 gravius
1523 470 1690 509 redditur,
1711 466 1966 505 adeoutinoleo

286 535 354 557 non
367 519 563 568 infrigidato
579 533 655 555 mox
668 521 850 559 delcerdat,
878 524 1095 557 utannotavit
1105 520 1242 556 Cabaeus
1256 523 1292 555 in
1305 520 1460 556 Meteoris
1472 545 1483 560 ,
1509 519 1549 555 eo
1559 518 1648 568 quod
1659 519 1790 566 spiritus
1804 517 1909 564 plures
1919 519 1964 554 la-

287 573 353 604 xati
368 569 510 604 abierint
524 594 533 610 ,
557 572 616 617 qui
628 568 794 604 levitatem
808 568 1042 616 conferebantg
1062 573 1173 605 innon
1186 569 1365 604 constricto
1374 570 1591 618 verolpiritus
1600 571 1816 604 retineantur.

386 620 519 665 Qaeres
529 619 651 666 ptimo.
678 620 747 654 Cur
757 630 841 666 aqua
852 617 915 653 vafi
927 618 1032 654 infusa
1045 643 1055 659 ,
1072 623 1106 655 &
1116 618 1257 665 hyemali
1268 617 1390 666 frigore
1399 618 1572 667 congelata
1582 617 1664 652 illud
1674 619 1709 651 in
1721 625 1827 664 partes
1836 614 1962 652 diffrin-

284 666 368 715 gat?
396 667 605 715 Respondeo,
617 670 781 702 rationem
795 666 868 706 effe,
894 669 1088 716 quod‘p'tius
1105 668 1288 714 superficies
1301 679 1406 715 aquae,
1428 669 1530 714 quum
1541 680 1611 716 quae
1624 668 1660 701 in
1673 666 1779 701 fundo
1788 664 1832 698 est
1843 687 1853 703 ,
1887 666 1962 712 gelu

283 717 540 765 constringatur,
567 728 684 764 utpote
704 717 819 765 frigori
831 715 988 752 ambienti
1001 718 1106 766 magis
1115 715 1260 765 expofita
1274 740 1285 756 ,
1310 717 1445 763 glaciata
1459 717 1539 752 vero
1553 715 1721 763 superficie
1736 717 1835 749 etiarn
1848 716 1962 749 interi-

284 777 322 799 or
336 777 407 812 pars
417 776 507 813 aqoae
523 765 735 804 condensari,
759 765 941 814 stringique
959 766 1109 815 adeoque
1125 770 1159 802 &
1181 769 1290 801 minus
1300 766 1439 811 spatium
1449 777 1612 812 occupare
1623 767 1761 812 incipit,
1785 765 1867 810 quia
1887 763 1965 797 vero

283 813 1000 861 ae'rdurzi[uperficieimpedientesuccedere
1013 829 1080 852 non
1094 815 1218 863 potest,
1245 827 1300 850 vas
1321 826 1411 850 metu
1433 817 1527 850 vacui
1540 817 1767 860 disrumpitur.
1794 815 1966 847 Tantave·

283 863 322 897 τὸ
335 863 403 896 haec
414 865 461 897 vis
479 864 524 898 est
539 887 548 902 ,
574 875 610 898 ut
631 866 730 898 etiam
752 861 937 899 solidiffima
953 878 1089 914 qua-que
1102 875 1238 911 corpora
1255 864 1357 899 valeat
1370 862 1574 911 diffringere.
1601 866 1648 897 Ita
1664 862 1873 898 observatum
1894 873 1963 895 non

283 911 380 945 semel
397 912 478 951 fuit,
508 912 605 947 tubos
618 912 743 947 ferreos
766 913 986 960 sclopetorum
1000 915 1081 962 aqufi
1096 915 1249 961 impletos
1265 912 1556 962 &diligentissime
1566 913 1714 948 occlusos
1725 936 1736 953 ,
1761 911 1836 946 cum
1850 910 1964 958 gelido

286 963 351 995 aeri
360 959 491 996 fuissent
504 961 642 1008 expoliti
656 970 667 1006 3
692 964 900 1009 cumimpetu
911 962 1075 1010 disruptos
1087 964 1158 998 elle.

383 1011 519 1054 Quaeres
533 1011 690 1048 secundo.
740 1012 903 1059 Curaqua
918 1011 1019 1046 calida
1032 1012 1150 1062 frigori
1166 1010 1310 1059 exposita
1330 1012 1472 1048 citius&
1491 1008 1619 1047 firmius
1641 1009 1742 1058 glacei
1752 1006 1963 1044 obduretur?

283 1056 496 1105 Responde0‚
507 1062 668 1094 rationem
679 1059 753 1098 esse,
780 1063 858 1107 quia
869 1058 970 1094 calida
983 1073 1067 1110 aqua
1085 1064 1187 1097 rarior
1197 1065 1231 1096 δε
1242 1064 1370 1097 tenuior
1380 1061 1424 1095 est
1436 1085 1446 1100 ,
1469 1063 1593 1096 rariora
1603 1059 1681 1096 veto
1691 1061 1793 1105 magis
1811 1067 1964 1105 penetrat

278 1105 385 1153 frigus
397 1130 407 1146 ,
434 1109 521 1143 unde
534 1113 568 1142 &
578 1107 672 1142 citius
681 1107 756 1155 gel'u
766 1109 974 1157 constringit,
983 1113 1182 1158 experientia
1196 1111 1288 1151 huius
1299 1114 1344 1145 rei
1354 1110 1464 1146 edoceri
1476 1107 1843 1156 Cynamolgi<populus
1852 1106 1898 1141 est
1908 1109 1963 1140 ln-

280 1156 371 1190 dicus
385 1157 473 1191 hirto
489 1161 522 1192 δε
533 1155 651 1190 villoso
661 1156 993 1204 corporedeformis)
1007 1162 1063 1207 qui
1077 1158 1250 1207 asperrimi
1276 1159 1392 1205 hyeme
1405 1161 1521 1194 inituri
1541 1159 1688 1206 praelium
1701 1168 1779 1192 cum
1798 1157 1965 1194 Tartatis,

285 1205 368 1252 aqua
384 1205 486 1239 calidi
505 1205 533 1239 ie
544 1204 750 1250 perfundunt
762 1231 771 1246 ,
793 1218 828 1242 ac
839 1209 872 1242 in
885 1208 1116 1255 pulverulento
1134 1208 1203 1242 solo
1213 1207 1362 1244 volutant
1374 1232 1385 1248 ‚
1412 1220 1448 1243 ut
1460 1207 1500 1242 fic
1511 1208 1619 1255 pulvis
1627 1206 1711 1254 aqua
1721 1207 1856 1241 miretus
1873 1203 1967 1250 supet

280 1265 361 1287 cute
374 1254 569 1300 congelatur
581 1277 591 1293 ,
616 1254 718 1289 lorica
730 1256 857 1303 glaciali
870 1270 988 1305 corpus
999 1270 1114 1293 contra
1127 1257 1189 1292 tela
1200 1260 1346 1298 muniat.
1366 1262 1401 1295 δι
1411 1256 1599 1306 sagittarum
1617 1258 1703 1292 istus
1718 1256 1865 1290 eludant.
1915 1252 1963 1288 Ita

288 1301 400 1337 scribit
415 1305 611 1337 Vincentius
628 1303 861 1340 Bellovacenfis
872 1306 946 1343 hist.
959 1305 1006 1341 lib
1016 1318 1030 1352 3
1040 1319 1069 1343 2.
1080 1320 1110 1344 c.
1133 1319 1144 1343 1
1160 1320 1186 1345 ι.

378 1353 513 1395 Qaeres
527 1352 639 1389 tertio.
673 1354 744 1387 Cur
753 1352 887 1401 frigoris
896 1357 928 1390 vi
938 1355 1086 1402 quaedam
1102 1366 1370 1402 corrumpantur.
1394 1353 1608 1402 Respondeo,
1618 1354 1694 1390 iude
1704 1353 1735 1388 id
1750 1350 1967 1398 probabiliter

284 1402 497 1447 contingere,
523 1400 613 1448 quod
633 1401 738 1448 frigus
754 1406 899 1450 partium
923 1415 1105 1446 texturam,
1128 1417 1163 1439 ac
1172 1405 1327 1440 ordinem
1339 1409 1384 1441 ita
1398 1407 1572 1443 immutet,
1598 1415 1635 1438 ut
1645 1406 1700 1439 vix
1713 1402 1837 1436 restitui
1847 1400 1963 1447 poffit,

281 1449 359 1482 dum
370 1448 490 1483 scilicet
505 1449 633 1496 aquosae
651 1463 756 1495 partes
771 1452 970 1492 dilatantur,
995 1453 1103 1493 fibrae,
1128 1458 1163 1489 &
1181 1452 1350 1490 (olidiores
1365 1453 1530 1502 particulae
1550 1454 1711 1499 disrumpi
1728 1450 1842 1485 (olent.
1870 1451 1965 1485 Siciu

286 1496 499 1545 frigidiffimis
518 1498 729 1545 regionibus,
755 1512 791 1535 ut
807 1501 930 1540 Ruina,
954 1502 1109 1542 islandia,
1139 1504 1343 1550 Not-vvegia,
1369 1503 1426 1538 ubi
1448 1503 1554 1551 frigus
1570 1505 1655 1550 riget
1666 1499 1790 1539 acrius,
1815 1497 1892 1546 saepe
1904 1510 1964 1533 au-

281 1559 331 1580 res
346 1570 354 1584 .
381 1550 415 1581 δε
433 1558 543 1587 nates,
559 1548 808 1595 aliaec'quepattes
828 1554 860 1585 vi
876 1550 1008 1598 frigoris
1024 1562 1304 1598 corrumpuntur,
1328 1564 1389 1589 uec
1407 1551 1495 1587 aliud
1512 1549 1599 1586 malo
1612 1553 1713 1598 magis
1735 1559 1962 1595 opportunum

279 1595 474 1632 remedium,
495 1595 594 1641 quam
616 1596 638 1630 fi
654 1609 760 1642 partes
781 1598 844 1632 illae
856 1599 934 1634 laesae
946 1599 1068 1648 frigida
1090 1602 1175 1648 aqua
1187 1598 1324 1647 perfusae
1342 1604 1420 1639 nive
1431 1604 1464 1636 in
1477 1600 1631 1635 calidiore
1640 1599 1715 1634 loco
1724 1596 1936 1634 obducuntur
1948 1605 1964 1635 ἔ

279 1654 360 1677 tunc
369 1645 460 1678 enim
470 1641 583 1678 sensim
599 1645 758 1681 meatibus
767 1650 886 1693 apertis
898 1651 1029 1696 languis
1042 1650 1218 1696 &spiritus
1229 1650 1264 1683 in
1282 1661 1392 1696 partes
1408 1649 1480 1685 illas
1488 1650 1682 1696 depravatas
1692 1647 1803 1683 denuo
1815 1645 1962 1681 illabunr

286 1702 353 1730 tut.

377 1742 512 1785 Quaeres
524 1740 655 1789 quarto.
681 1742 751 1778 Cur
765 1741 869 1792 frigus
885 1747 919 1780 in
934 1742 1130 1793 quibusdam
1144 1744 1227 1784 locis
1246 1750 1344 1784 etiam
1360 1747 1378 1784 ὲ
1388 1748 1472 1795 polis
1492 1744 1724 1783 remotioribus
1743 1743 1844 1792 longe
1858 1741 1963 1778 acrius

278 1788 324 1823 ⁸st
335 1812 344 1829 s
370 1792 468 1836 qffliffl
486 1791 520 1824 in
531 1793 569 1823 iis
581 1814 593 1829 ‚
616 1804 689 1836 quae
701 1791 776 1827 sunt
786 1794 871 1840 polis
888 1793 962 1841 ipfis
972 1797 1142 1832 viciniora.
1176 1800 1237 1833 Seu
1248 1797 1354 1845 frigus
1365 1799 1401 1831 in
1412 1796 1560 1832 ukrania
1570 1795 1713 1830 Poloniae
1735 1795 1907 1829 Provincia
1916 1792 1963 1826 est

277 1840 514 1877 accerrimum,
532 1837 606 1873 cum
620 1850 729 1875 tamen
739 1844 849 1876 eadem
859 1840 925 1876 fere
936 1842 973 1876 fit
985 1846 1053 1888 ejus
1064 1844 1218 1885 latitudo,
1230 1860 1302 1893 quae
1311 1849 1346 1881 in
1359 1847 1558 1880 Normania.
1594 1846 1647 1878 Sic
1655 1845 1754 1878 etiam
1769 1846 1802 1877 in
1814 1843 1900 1889 regia
1913 1842 1963 1875 Si,

279 1899 396 1921 narum
414 1889 544 1922 civitate
565 1888 605 1921 ad
624 1900 680 1933 42.
700 1892 820 1936 gradus
838 1890 923 1928 latit.
944 1890 1020 1931 fita,
1047 1892 1152 1939 qualis
1169 1898 1268 1929 etiam
1284 1895 1328 1929 est
1347 1897 1482 1933 Romae,
1506 1897 1622 1940 ingens
1640 1892 1803 1926 fluviusin
1814 1892 1964 1925 Novem-

279 1934 329 1969 bri
343 1937 428 1970 intra
441 1949 544 1970 unum
555 1937 645 1983 paene
654 1938 874 1988 diemufrigore
886 1940 1079 1981 concrescit.
1104 1945 1138 1976 &
1147 1943 1337 1990 congelatur
1347 1966 1358 1980 ,
1380 1956 1438 1977 nec
1448 1943 1569 1990 glacies
1581 1940 1718 1975 solvitur
1731 1939 1789 1974 nifi
1802 1939 1871 1986 post
1880 1952 1965 1986 qua-

278 1995 354 2019 tuor
367 1985 493 2019 rnenses
511 1987 653 2021 exactos.
688 1987 898 2033 Respondeo,
909 1990 1035 2023 caulam
1049 1991 1145 2036 hu5us
1160 1996 1324 2027 acriorum
1333 1992 1472 2027 halitum
1491 1989 1601 2038 potius
1618 1993 1652 2025 in
1662 2001 1731 2025 uno
1742 1989 1836 2027 loco,
1862 1989 1964 2036 quam

280 2035 316 2067 in
326 2034 650 2081 alioerumpentium
662 2048 755 2071 certae
766 2039 970 2084 permistioni
979 2038 1040 2073 eise
1053 2039 1315 2077 adscribendum.

365 2085 502 2125 Qssaeres
515 2084 645 2136 quinto.
672 2087 764 2121 Num
775 2091 812 2122 &
824 2086 919 2123 bruta
929 2090 1110 2123 animantia
1122 2090 1238 2137 glaciei
1248 2090 1437 2126 firmitatem
1447 2088 1505 2124 suo
1519 2088 1619 2123 modo
1630 2086 1810 2122 discernere
1824 2087 1962 2135 poffint?

277 2131 476 2176 Relpondeo
485 2131 726 2173 affirmauit-eun
736 2139 826 2180 cujus
839 2139 887 2171 rei
910 2138 1133 2173 testimonium
1156 2143 1275 2175 mirum
1290 2140 1371 2187 quid
1388 2140 1491 2173 refert
1510 2136 1666 2186 Digbaeus
1680 2139 1776 2174 tradi.
1803 2148 1831 2177 Ι,
1842 2138 1881 2171 de
1893 2149 1961 2176 nat.

278 2190 369 2235 corp.
382 2182 439 2224 36.
464 2182 663 2217 Rusticosin
684 2185 825 2219 Thracia
845 2185 891 2220 ita
904 2186 1124 2233 cognoscere,
1148 2201 1230 2223 nuru
1255 2189 1434 2223 fluviorum
1453 2189 1568 2234 hyeme
1578 2185 1829 2232 congelatorum
1840 2185 1960 2233 glacies

275 2228 322 2261 lat
330 2225 427 2261 firma
439 2227 497 2266 fit,
523 2241 559 2264 ut
571 2231 792 2276 gradientium
806 2246 888 2269 onus
899 2235 1051 2270 sustineat
1063 2260 1072 2275 .
1099 2236 1304 2275 observando
1323 2236 1460 2277 scilicet.
1486 2248 1600 2270 utrum
1609 2235 1722 2280 vulpes
1742 2235 1896 2269 audacter
1904 2235 1959 2270 su-

276 2287 415 2322 peream
426 2279 579 2312 incedant
593 2288 607 2327 3
633 2280 683 2315 vel
705 2282 778 2328 post
788 2283 936 2318 admotas
952 2284 1066 2332 glaciei
1083 2297 1176 2320 aures
1189 2286 1426 2334 (exploraturae
1439 2285 1579 2322 scilicet,
1593 2284 1688 2318 num
1699 2282 1959 2319 subterlabentis

275 2335 367 2371 aquae
375 2325 491 2360 sonum
501 2329 664 2374 percipere
673 2330 811 2376 poffint)
820 2343 1038 2372 revertantur.
1063 2334 1234 2370 Coeterum
1245 2334 1452 2370 oblervatum
1461 2335 1518 2373 est,
1525 2332 1662 2381 glaciem
1671 2341 1802 2380 Puram,
1828 2345 1901 2380 quae
1914 2333 1960 2368 est

277 2372 394 2431 cralia,
406 2374 490 2409 duos
507 2376 629 2423 digitos
643 2378 814 2415 hominem
834 2380 991 2418 'sustinete
1001 2396 1014 2423 ,·
1049 2396 1122 2431 quae
1140 2396 1205 2420 tres
1217 2408 1227 2425 ,
1259 2386 1406 2432 equitem
1424 2394 1612 2429 armatum3
1638 2394 1708 2428 quae
1722 2382 1868 2431 palmum
1881 2394 1960 2419 cum

278 2422 418 2458 dlmldlo
431 2447 442 2464 2
468 2434 591 2461 turmas
610 2433 624 2475 ς
649 2440 720 2476 quae
739 2440 882 2477 quatuor
892 2431 1018 2480 palmas
1040 2434 1193 2469 induruit
1205 2457 1216 2473 ‚
1239 2436 1405 2482 integrum
1419 2434 1601 2469 exercitum
1612 2430 1713 2471 ferre.

834 2529 1394 2585 APPe‘NDJX.

277 2610 441 2675 PRimo.
467 2616 516 2651 Ad
530 2618 730 2662 artificialem
741 2621 1005 2671 congelationem
1018 2627 1053 2661 in
1063 2626 1248 2675 liquoribus
1260 2630 1498 2677 procurandam
1514 2630 1817 2678 certbcompertum
1826 2629 1871 2664 est
1884 2628 1960 2676 plu·
1983 2645 1986 2648 ·
2040 2625 2042 2629 ’

326 2664 450 2723 timum
470 2677 586 2727 juvare!
597 2669 734 2717 glaciem
754 2683 811 2708 aut
823 2676 932 2709 nivern
941 2687 1016 2710 curn
1031 2675 1093 2711 lale
1111 2679 1286 2725 praesertim
1298 2682 1464 2719 maximo,
1492 2681 1545 2716 vel
1566 2693 1642 2716 curn
1655 2683 1766 2718 nitro,
1790 2677 1840 2713 vel
1857 2680 1958 2713 etiam

277 2723 352 2767 curn
368 2713 505 2749 vitriolo
527 2715 654 2774 saleque
676 2724 884 2757 ammoniaco
894 2727 1124 2762 commixtam.
1180 2730 1274 2771 Quin
1299 2727 1529 2765 &saccharum
1553 2731 1659 2776 ipsum
1679 2742 1756 2764 cum
1776 2739 1853 2762 mve
1875 2731 1961 2761 con-⁴

274 2763 427 2819 Junstum
439 2787 449 2803 ,
473 2774 529 2798 aut
537 2765 668 2812 spiritus
680 2770 768 2809 vini,
795 2782 852 2806 aut
860 2771 970 2807 oleum
980 2775 1118 2814 vitrioli.
1149 2773 1294 2825 sale'sque
1302 2777 1384 2825 pene*
1393 2791 1509 2814 omnes
1519 2780 1623 2818 acidi,
1649 2790 1687 2814 ut
1704 2779 1799 2813 docet
1815 2777 1870 2810 Du
1883 2778 1958 2811 Ha.-

275 2809 341 2866 ωε]
351 2809 410 2867 131).
421 2812 498 2869 ufic
506 2824 601 2861 corp.
610 2816 757 2857 affetstae,
771 2831 802 2867 5.
825 2821 965 2856 eundem
973 2822 1130 2860 effeeium
1140 2828 1300 2872 praestant.
1336 2827 1529 2863 Detchartes
1543 2828 1622 2864 vero
1633 2829 1722 2863 hunc
1730 2825 1865 2862 modum
1876 2837 1960 2871 prae-

274 2855 405 2897 scriblt:
431 2861 463 2894 Si
478 2860 522 2895 sal
541 2866 658 2912 aequali
678 2871 780 2913 copiae
796 2871 904 2915 nivis,
929 2882 985 2906 aut
997 2872 1113 2919 glaciei
1128 2875 1289 2911 conclulae
1308 2878 1430 2912 mixtus
1450 2880 1536 2913 circa
1550 2890 1603 2914 vas
1626 2872 1853 2923 aliquodaqua
1865 2874 1956 2909 dulci

276 2905 669 3002 ἑῗξέῗζεξῐέὲὶτῷοηπυτς
706 2915 802 2954 fimul
811 2921 898 2956 enim
908 2931 944 2954 ac
954 2920 1094 2958 humore
1112 2922 1156 2960 sal
1164 2924 1348 2975 diffolyitur
1357 2948 1369 2967 ,
1377 2928 1521 2965 mixtum
1530 2928 1593 2963 hoc
1605 2926 1728 2976 frigore
1740 2923 1910 2960 dentatum
1919 2925 1957 2959 in

493 2983 502 2999 1

1845 3112 1937 3149 2.Ex

2052 891 2060 945 -.η
2049 460 2060 885 Μηρ-
