2060 3444
630 177 991 254 Philosophico
1002 213 1019 223 1-
1034 179 1264 238 Politica.
1682 193 1791 256 239

106 257 215 318 Qubfff
228 258 379 321 AEnaeis4
396 258 618 321 'lfrajanusille
630 263 739 299 Heros
751 264 1045 302 commilitonibus
1059 275 1153 303 tettae
1164 287 1176 308 ⁵
1196 261 1376 314 ωοῐίεῇιιὲ
1393 263 1562 316 erroribus
1580 264 1694 302 fraetis
1711 269 1802 304 dedit
1813 289 1872 323 Vh,
1893 290 1917 323 ἦ
1946 291 1953 299 -

107 321 275 347 monitum
286 334 297 351 ‚
318 311 515 348 tlbldivstum
525 319 621 359 putat
1817 302 1972 380 effide?

282 381 425 417 Durate
444 374 490 420 ὠ
512 383 652 416 vosmet
668 373 773 414 rebus
781 373 1132 433 strvateficundi5‚

599 512 1151 600 QuAnsTio
1206 511 1311 587 lu.-
1833 569 1849 583 .

602 627 690 682 De
702 626 1256 704 ignibusfhbterraneis.

108 739 413 894 COnclufio
425 741 541 789 prima.
568 740 666 777 Extra
678 741 935 778 controverfiam
947 741 1010 777 effe
1019 745 1168 785 videtur,
1194 743 1319 781 multos
1332 746 1368 781 δε
1380 746 1543 781 maximos
1564 749 1657 796 ignes
1680 751 1714 784 in
1728 751 1794 785 ter-⁴

247 802 289 825 τε
306 790 484 826 visceribus
497 791 616 830 latere,
646 793 871 828 constatenim
893 791 1017 839 velipsa
1029 793 1206 829 oculorum
1225 798 1426 841 experientia
1439 816 1449 834 ‚
1475 797 1552 830 dum
1572 799 1721 834 videmus
1741 811 1795 833 eos

226 850 231 854 ·
249 840 336 874 haud
348 840 660 888 infrequentatum
673 853 712 875 ex
725 842 916 882 montibus,
935 851 1005 876 tum
1019 853 1059 876 ex
1071 842 1230 892 lacubus,
1248 843 1419 884 fontibus,
1435 843 1573 892 aliisque
1587 847 1796 882 subterrane-

254 893 281 923 is
299 889 463 925 meatibus
477 890 648 936 eruc‘kate3
674 904 746 939 quae
758 892 836 927 vero
849 890 1106 939 horumignium
1125 890 1307 927 firmaretia
1327 897 1362 929 δε
1377 892 1537 941 pabulum
1553 918 1561 932 ‚
1579 899 1610 930 δε
1624 898 1795 944 quomodo

111 935 428 978 accendantur‚mox
440 941 474 973 in
484 939 763 986 subsequentibus
772 951 986 985 exponemus.
1034 941 1288 976 Caetert'imct‘im
1308 945 1343 977 in
1354 955 1470 978 centro
1482 955 1572 977 tertae
1585 948 1701 991 igneus
1712 948 1797 980 divi-

111 986 320 1022 naeNei'nefis
335 1000 443 1023 carcer
455 988 492 1023 fit
505 990 544 1023 ad
557 991 741 1036 impiorum
756 993 893 1025 crimina
909 991 1077 1038 punienda
1089 1001 1285 1038 praeparatus
1297 1013 1307 1030 ‚
1333 992 1507 1036 probabile
1521 997 1618 1028 etiam
1642 995 1685 1029 est
1696 1020 1704 1034 ,
1731 994 1797 1041 spi-

109 1035 217 1071 racula
230 1038 379 1084 quaedam
390 1037 464 1078 effe,
488 1051 544 1085 per
557 1049 630 1086 qua?
643 1050 781 1086 magnus
790 1039 972 1087 hicigne&
983 1038 1138 1086 sulphure
1148 1040 1708 1092 exardescenslacusevaporat,quae
1722 1042 1795 1078 for·

111 1082 188 1121 taffe
202 1096 239 1120 ea
251 1085 318 1133 ipsa
327 1088 416 1133 apud
428 1100 490 1123 nos
501 1087 573 1122 loca
583 1086 659 1123 sunt
671 1111 681 1128 ,
703 1091 720 1123 ὲ
732 1088 855 1136 quibus
867 1092 1025 1124 continua
1038 1089 1178 1124 eruciari
1188 1091 1342 1124 incendia
1352 1089 1546 1137 speecamus.

206 1134 389 1172 Conclusio
409 1136 560 1173 secunda.
608 1138 723 1173 Fomes
742 1138 796 1172 seu
814 1137 974 1186 pabulum
991 1137 1113 1174 borum
1135 1139 1262 1187 ignium
1276 1162 1287 1178 ‚
1309 1143 1367 1186 qui
1385 1139 1444 1174 sub
1469 1151 1559 1174 terrae
1575 1138 1798 1188 specubusgi-

109 1195 262 1232 gnuntur
274 1210 284 1226 ,
310 1198 351 1221 ex
360 1198 474 1221 monte
492 1187 629 1234 Georgii
644 1187 806 1235 Agriculae
821 1188 880 1226 lib.
891 1190 974 1236 4.de
984 1200 1101 1223 natura
1110 1201 1247 1227 eorum,
1265 1201 1339 1235 quae
1361 1186 1504 1223 effluunt
1513 1202 1553 1223 ex
1567 1202 1663 1229 tetra,
1676 1191 1799 1236 duplex

108 1233 156 1268 est
173 1257 185 1274 ,
208 1233 362 1270 videlicet
375 1235 512 1283 sulphur
524 1240 560 1272 Sc
577 1236 740 1276 bitumen.
791 1236 845 1272 Est
867 1249 976 1272 autem
1000 1238 1137 1284 iulpbur
1150 1236 1294 1284 duplat,
1325 1249 1430 1273 unum
1447 1236 1552 1273 foffile
1568 1252 1603 1272 ac
1615 1240 1731 1284 sponte
1742 1252 1801 1273 na-

109 1283 224 1323 scens,
244 1285 337 1332 quod
354 1287 468 1320 vivum
482 1284 669 1333 appellant,
685 1285 828 1322 alterurn
841 1286 1007 1321 factitium
1023 1309 1033 1326 ,
1051 1289 1168 1334 dequo
1180 1286 1380 1334 hicquaestio
1393 1288 1532 1325 nonest.
1559 1288 1692 1325 forme,
1709 1288 1802 1335 quod

108 1333 150 1371 ad
161 1334 352 1370 institutum
364 1333 515 1369 nostrum
527 1339 670 1382 pertinet
680 1360 690 1377 ,
702 1335 816 1372 multis
828 1339 861 1371 iu
871 1334 950 1371 locis
962 1340 1137 1383 reperitur,
1149 1347 1186 1372 ut
1197 1338 1297 1384 paulo
1311 1337 1381 1383 post
1392 1337 1540 1372 dicemus
1554 1347 1565 1384 3
1590 1340 1732 1372 exterius
1746 1349 1804 1371 co·

109 1385 216 1421 lorem
230 1382 329 1418 habet
338 1383 564 1420 subcinereum
575 1408 585 1424 ‚
602 1387 743 1421 interius
754 1385 829 1420 cum
843 1385 1010 1433 frangitur
1028 1385 1239 1431 sublatentis,
1265 1386 1419 1421 nitedulae
1436 1387 1538 1420 modo
1557 1386 1802 1431 collucentem;

107 1428 545 1482 saporilliestsubpinguis,
562 1433 849 1479 sedinjucundus‚
870 1436 954 1470 odor
972 1439 1106 1483 gravis;
1135 1435 1275 1470 halitum
1300 1435 1384 1470 adeo
1409 1436 1557 1469 loetitum
1579 1435 1741 1482 exspirat,
1768 1446 1805 1469 ut

110 1483 172 1520 nifi
185 1494 295 1530 aperta
306 1481 370 1518 fint
381 1486 552 1519 monrium
568 1483 726 1531 spiracula
739 1506 750 1524 ,
772 1483 912 1520 fossbres
926 1483 1016 1520 illico
1031 1488 1213 1520 interimat.
1264 1487 1354 1520 Hinc
1369 1483 1415 1519 ob
1430 1484 1558 1519 insitam
1575 1486 1749 1519 siccitatem
1769 1488 1805 1519 &

109 1533 253 1570 calorem
267 1532 531 1581 magnaillicum
545 1536 622 1581 igne
632 1532 778 1569 affinitas
798 1542 811 1583 3
838 1533 927 1569 unde
939 1538 1008 1583 effus
1023 1534 1209 1582 fragmenta
1227 1532 1329 1582 lignis
1354 1533 1404 1569 vel
1426 1534 1626 1568 carbonibus
1638 1532 1783 1580 inspersa
1795 1555 1806 1571 ‚

109 1584 280 1620 flammam
290 1583 515 1619 exintervallo
524 1585 564 1618 ad
573 1583 606 1618 se
621 1585 830 1630 pertrahunt.
845 1585 968 1618 Narrat
978 1583 1137 1621 Pliniusl.
1153 1594 1210 1630 35.
1224 1597 1253 1621 e.
1269 1596 1278 1621 1
1292 1595 1324 1627 5.
1358 1583 1556 1618 Anaxilaum
1577 1587 1644 1626 ejus
1663 1582 1806 1616 artificio

110 1632 218 1670 lufiffe
230 1636 266 1668 in
278 1635 460 1680 convivio;
485 1631 757 1678 namsulphurin
775 1631 874 1668 calice
884 1646 977 1667 novo
994 1645 1101 1679 pruna
1121 1630 1251 1667 subditi
1261 1631 1496 1666 circumferens
1506 1633 1743 1666 exardeicentis
1755 1643 1805 1665 re·
1907 1647 1923 1664 ο

111 1681 262 1734 perculsu
283 1681 445 1729 pallorem
459 1682 568 1716 dirum
582 1680 673 1716 velut
681 1681 919 1716 defunctorum
930 1681 1049 1716 effudit
1058 1683 1222 1718 convivis.
1249 1681 1354 1727 Qud
1367 1681 1406 1715 ad
1420 1680 1572 1716 bitumen
1583 1683 1714 1724 attinet,
1725 1679 1805 1714 suc..

109 1746 167 1771 cus
179 1732 232 1769 hic
250 1733 296 1768 est
310 1733 488 1767 admodum
500 1731 677 1778 pinguis&
687 1729 969 1779 calidus,liquoris
978 1731 1113 1770 oleacei,
1128 1719 1288 1779 &9e'rei3
1314 1729 1397 1764 adeo
1407 1732 1618 1765 utinterdum
1630 1733 1723 1776 aquis
1733 1731 1806 1764 §fia-

110 1795 160 1820 tet
170 1807 180 1823 ,
195 1781 339 1819 multum
350 1783 472 1829 pariter
485 1791 644 1829 cognatus
654 1791 779 1816 naturae
791 1782 920 1827 ignium
934 1807 945 1825 ‚
973 1791 1047 1827 quae
1071 1782 1228 1828 cognatio
1253 1779 1459 1827 potiffimurn
1471 1790 1604 1825 apparet
1616 1781 1649 1812 in
1662 1780 1804 1824 quadam

109 1834 202 1871 illius
212 1835 336 1879 specie,
360 1844 433 1880 quae
441 1831 577 1878 Naphta
594 1831 715 1865 dicitur
728 1833 812 1864 circa
827 1829 1042 1875 Babyloniam
1056 1832 1091 1864 in
1105 1830 1301 1876 Aristagenis
1313 1830 1452 1863 Parthiae
1465 1828 1646 1874 profluens,
1660 1831 1695 1862 in
1706 1839 1805 1873 quam

113 1886 204 1933 iguis
215 1882 233 1916 ὲ
246 1882 435 1930 longinquo
447 1879 601 1919 transilit,
618 1878 783 1914 referente
799 1878 907 1913 Plinio
922 1878 980 1915 lib.
997 1890 1027 1915 2.
1038 1890 1066 1914 c.
1080 1889 1160 1919 105.
1189 1879 1292 1913 Ratio
1305 1878 1402 1916 vero,
1421 1889 1478 1911 cur
1488 1877 1570 1910 banc
1581 1876 1715 1921 ignibus
1730 1875 1806 1911 sub-

113 1935 274 1969 terraneis
285 1933 456 1967 materiam
469 1930 694 1967 adstruamus,
713 1928 758 1962 est
772 1951 782 1968 ‚
805 1930 884 1975 quia
895 1926 986 1974 paene
1003 1930 1117 1961 omnia
1130 1926 1200 1961 loca
1212 1953 1223 1972 ,
1241 1930 1275 1961 in
1297 1925 1421 1973 quibus
1439 1926 1667 1960 exhalationes
1684 1929 1807 1973 igneae,

111 1987 147 2019 &
165 1982 375 2017 subterranea
393 1978 549 2015 incendia
569 1975 809 2016 observantur,
834 1977 998 2012 bitumine
1020 1981 1054 2011 δε
1076 1975 1231 2023 sulphure
1245 1976 1363 2010 feracia
1374 1976 1679 2022 deprehenduntur.
1766 1977 1807 2009 Et

115 2034 270 2081 quamvis
289 2033 388 2065 etiam
405 2029 498 2068 saxa,
513 2027 644 2076 aliaque
665 2027 715 2061 his
729 2025 864 2076 ignibus
879 2029 914 2060 in
930 2025 1119 2061 fomentum
1137 2025 1339 2072 &pabulum
1353 2024 1445 2064 sunt,
1467 2026 1532 2059 haec
1546 2036 1655 2059 tamen
1669 2023 1806 2058 illorum

114 2084 277 2130 praecipua
289 2084 323 2116 &
337 2077 501 2127 potiflima
514 2081 650 2112 materia
662 2077 721 2113 est.
773 2078 820 2110 Ex
850 2077 900 2110 his
916 2076 996 2110 veru
1014 2075 1167 2110 bitumen
1186 2077 1226 2110 ad
1238 2076 1388 2110 alendam
1404 2074 1705 2109 &conservandam
1718 2073 1809 2106 Ham-

115 2144 203 2168 mam
214 2127 458 2166 conducibilius
470 2127 515 2163 est
529 2127 574 2161 ob
588 2127 676 2161 suam
691 2127 927 2173 pinguedinem
940 2148 951 2164 ,
968 2129 1001 2160 δε
1016 2124 1231 2160 viscositatem
1242 2148 1251 2164 ,
1278 2124 1342 2173 qu}
1368 2124 1600 2159 &uberiorem
1615 2120 1807 2167 praestatso-

118 2182 256 2220 mitem,
275 2184 308 2216 &
322 2182 356 2214 in
367 2180 463 2226 aquis
475 2178 586 2214 ardet,
605 2178 696 2211 unde
708 2172 1037 2223 artificiofisignibus
1049 2197 1058 2212 ‚
1075 2179 1130 2221 qui
1146 2177 1277 2210 &inter
1290 2170 1394 2207 undas
1409 2174 1548 2221 flagrant
1560 2197 1570 2212 ‚
1595 2174 1722 2219 semper
1743 2170 1804 2204 ali-

118 2231 200 2278 quid
214 2230 388 2265 bituminis
401 2226 571 2262 admisceri
582 2224 676 2262 solet.
727 2226 911 2273 Hincignis
925 2249 932 2262 ‚
952 2228 1010 2271 qui
1023 2223 1165 2258 Claudio
1174 2225 1312 2258 Nerone
1325 2223 1491 2258 Caesarein
1506 2235 1584 2270 agro
1596 2223 1710 2268 oppidi
1724 2219 1809 2254 nbi-

119 2290 216 2314 otum
229 2290 362 2313 exortus
373 2290 447 2313 arva
464 2281 498 2312 &
510 2279 596 2311 vicos
606 2274 741 2312 exuffit,
760 2275 838 2308 teste
857 2276 965 2310 Corn.
978 2275 1097 2308 Tacito
1117 2273 1176 2310 lib.
1191 2285 1245 2318 ¹3·
1261 2272 1369 2307 annal.
1389 2284 1447 2306 nec
1461 2273 1599 2317 pluviis,
1625 2270 1810 2305 necfluvia—

119 2326 208 2363 libus
224 2331 338 2375 aquis,
356 2339 414 2362 nec
426 2325 491 2361 alio
503 2326 623 2373 quovis
635 2325 774 2359 humore
788 2334 916 2370 poterat
930 2325 1081 2369 extingui
1095 2346 1104 2361 ‚
1121 2320 1173 2357 sed
1191 2321 1292 2361 saxis,
1313 2326 1346 2356 &
1367 2325 1484 2367 pannis
1503 2320 1548 2354 ob
1569 2320 1806 2355 bituminoiam

120 2388 241 2423 nempe
251 2379 418 2412 materiam
434 2386 445 2423 3
473 2387 549 2410 nam
563 2373 713 2409 bitumen
725 2373 821 2407 rebus
841 2371 928 2407 ficcis
946 2375 1176 2420 extinguitur,
1191 2375 1286 2420 aquis
1296 2372 1418 2418 alitur3
1446 2382 1482 2406 ut
1498 2371 1636 2418 sulphur
1649 2370 1714 2404 cito
1727 2380 1810 2402 con-

123 2426 282 2464 sumitur,
302 2425 519 2461 &accensum
533 2448 542 2463 ‚
563 2423 623 2457 ssei
638 2435 758 2470 aquam
773 2421 931 2463 instilles,
952 2435 1128 2459 emoritur,

221 2475 401 2510 Conclufio
412 2477 521 2509 tertia.
550 2472 723 2508 Probabile
732 2471 795 2509 est.
815 2469 1063 2505 subterraneum
1075 2474 1184 2518 ignem
1197 2469 1397 2504 inflammari
1408 2471 1526 2516 partim
1538 2468 1577 2504 ab
1589 2468 1811 2507 exhalatione,

120 2524 306 2574 spirituque
318 2528 463 2560 cavernis
475 2523 602 2557 incluso
613 2546 623 2561 ‚
656 2524 737 2569 qui,
757 2522 836 2554 dum
848 2522 974 2554 exitum
985 2523 1122 2568 quaerit,
1145 2519 1218 2567 ipso
1231 2523 1344 2553 attritu
1356 2518 1520 2554 incalescit
1533 2544 1543 2559 ,
1569 2523 1602 2554 &
1614 2519 1818 2559 accenditur,

121 2575 346 2621 idoneamque
358 2575 528 2608 materiam
540 2573 676 2610 na&us,
696 2570 761 2605 late
781 2570 943 2617 spargitur
962 2573 995 2604 &
1011 2571 1121 2604 durat.
1175 2570 1462 2616 Quandoquidem
1487 2580 1596 2603 motus
1613 2579 1680 2601 non
1700 2565 1818 2600 caloris

123 2623 258 2660 tantum
277 2622 368 2657 causa
378 2623 423 2658 est
434 2646 444 2661 ,
458 2622 510 2656 (ed
521 2624 618 2656 etiam
630 2620 771 2655 flammae
785 2643 794 2658 ,
816 2618 893 2653 curn
906 2621 939 2653 iu
951 2623 1123 2653 materiam
1136 2619 1290 2654 idoneam
1304 2621 1456 2653 incurrit.
1532 2617 1593 2662 xpe
1605 2619 1703 2650 etiam
1717 2616 1820 2649 exha-

123 2675 267 2711 lationes
278 2672 325 2707 hae
339 2685 395 2719 per
409 2669 650 2718 antiperistafin
665 2669 798 2718 frigoris
809 2691 818 2707 ‚
840 2669 919 2702 dum
934 2668 1024 2703 abeo
1037 2668 1233 2703 inlocorurn
1247 2668 1413 2715 angustias
1423 2678 1589 2715 coguntur
1601 2688 1610 2702 ,
1631 2664 1822 2700 inflamma-

124 2727 153 2760 ri
167 2724 311 2772 poliunt.
363 2721 430 2756 Alii
450 2724 549 2755 etiam
568 2719 689 2754 volunt
709 2743 719 2756 ‚
739 2717 967 2753 subterraneos
986 2720 1079 2765 ignes
1099 2718 1201 2753 §Sole
1221 2721 1467 2764 perintimum,
1489 2713 1722 2762 occultumque
1732 2713 1821 2748 calo-

123 2786 196 2810 rem
208 2771 367 2809 accendi,
395 2771 485 2818 quod
499 2772 631 2816 opinari
644 2767 777 2804 difficile
789 2768 835 2802 est
846 2791 856 2805 ‚
877 2767 951 2802 cum
964 2779 1000 2801 ur
1010 2780 1050 2802 ex
1059 2768 1155 2804 dietis
1166 2768 1294 2803 constat
1306 2793 1314 2807 ,
1342 2767 1458 2800 solares
1471 2765 1552 2798 radii
1565 2776 1632 2797 non
1644 2762 1759 2810 procul
1771 2761 1825 2797 ul-

123 2835 173 2859 tra
197 2835 289 2858 terrae
305 2820 510 2868 superficiem
529 2823 563 2854 in
577 2819 707 2853 abditos
724 2817 851 2852 telluris
868 2815 1006 2852 recessus
1030 2829 1227 2863 penetrent,
1248 2828 1303 2852 aut
1321 2814 1410 2850 tanti
1429 2815 1553 2847 virtute
1575 2815 1609 2847 in
1622 2813 1772 2847 bitumen
1787 2814 1822 2847 δε

122 2872 262 2917 sulphur
272 2883 367 2918 agere
379 2869 518 2918 possint,
544 2881 580 2903 ut
596 2868 766 2903 flammam
779 2867 937 2903 excitent.
987 2865 1074 2901 illud
1089 2878 1198 2902 tamen
1214 2879 1282 2901 non
1293 2861 1514 2909 improbabile
1529 2861 1574 2897 est
1586 2885 1596 2900 ‚
1623 2873 1660 2896 ut
1674 2861 1825 2908 superius

125 2920 373 2958 observavimus
387 2944 396 2958 ‚
424 2918 498 2953 illos
509 2920 599 2964 ignes
612 2917 700 2965 posse
711 2930 750 2952 ex
766 2914 953 2950 inferorum
968 2927 1107 2962 quoque
1118 2915 1275 2964 specubus
1284 2914 1391 2948 educi,
1412 2922 1448 2946 ut
1458 2912 1554 2945 docet
1569 2913 1600 2946 P.
1617 2912 1826 2948 DeRhodes.

127 2973 264 3016 dicens,
287 2983 327 3005 ex
344 2966 577 3017 probatiffimis
589 2966 911 3004 historiiscoustare,
934 2965 1176 3001 desunchorum
1187 2968 1310 2999 animas
1322 2960 1398 3006 (xpe
1410 2963 1445 2995 in
1455 2961 1643 3005 hujusmodi
1661 2959 1822 3007 specubus

132 3023 272 3056 cruciari
289 3044 298 3061 ‚
324 3018 409 3054 visos
427 3019 526 3052 etiam
549 3015 615 3051 illic
635 3029 704 3051 non
725 3015 800 3050 raro
818 3015 863 3048 da:
873 3023 1015 3063 monesg
1042 3016 1133 3062 quod
1152 3013 1327 3049 confirmat
1341 3023 1381 3044 ex
1396 3010 1556 3044 relatione
1567 3011 1653 3044 Petri
1670 3009 1826 3044 Damiani

122 3073 240 3119 opulc.
258 3081 310 3107 12.
322 3081 350 3107 c.
365 3079 398 3113 9,
411 3069 535 3102 Servus
545 3067 621 3100 DEI
633 3065 793 3112 (inquit)
822 3063 993 3098 habitabat
1008 3064 1173 3099 solitarius
1186 3066 1220 3096 in
1235 3071 1397 3107 praerupta
1416 3072 1496 3105 rupe
1512 3061 1674 3106 Regionis
1694 3059 1826 3101 Neapo-

121 3119 232 3156 litanae
244 3119 337 3168 juxta
348 3116 517 3166 publicam
530 3117 640 3154 viam,
667 3117 726 3162 qui
739 3115 819 3149 dum
833 3114 1008 3149 nocturno
1025 3124 1179 3161 ternpore
1190 3110 1365 3159 psalleret,
1390 3112 1424 3144 δι
1444 3107 1618 3169 ίεηῇίίεεηη
1635 3106 1756 3143 cellulae
1766 3105 1829 3138 ho.

1717 3165 1829 3190 rarum

1112 3248 1133 3270 0
