2060 3444
612 132 980 221 ‘Philosophico
991 133 1266 210 ''-*Politica.
1727 176 1790 229 71

102 242 210 267 mores
226 232 351 283 habent
370 236 408 269 ad
430 234 652 273 accensionem
671 239 774 285 magis
791 238 1076 278 accommodatos,
1089 245 1123 276 ἃ
1135 243 1295 288 peracutis
1305 241 1535 288 &periculosis
1548 243 1674 279 morbis
1686 245 1791 280 obno—

106 283 188 322 xios.
215 281 290 318 cum
305 289 338 319 in
350 286 473 320 deliciis
484 291 618 326 vivant,
645 290 679 320 &
690 285 706 320 a
719 286 832 322 multis
845 285 942 322 rebus
952 300 1021 322 non
1031 289 1216 329 obtineant,
1243 293 1359 337 quaein
1374 303 1440 326 tam
1453 291 1532 327 sicca
1542 293 1619 327 coeli
1629 296 1791 330 constitu-

107 333 198 364 tione
206 333 389 378 plurimum
400 335 615 370 vicale'robur
625 335 787 370 oblaedere
798 335 915 375 solent,
931 337 1125 380 ⁴cujusmodi
1137 339 1212 374 sunt
1226 343 1380 374 exercitia
1394 343 1600 377 vehementia
1618 367 1628 383 ‚
1652 345 1726 378 usus
1743 347 1791 377 vi-

104 391 226 434 norum
238 382 330 420 valde
341 387 522 429 potentium
534 389 568 419 ἃ
578 395 763 419 aromatum
773 409 782 425 ,
810 387 979 433 notstutna·
987 388 1275 423 commessationes
1290 412 1301 427 ,.
1330 394 1361 424 ὃς
1374 391 1405 423 id
1418 403 1522 437 genus
1532 390 1594 426 alia
1607 403 1619 436 3
1648 394 1737 426 Hinc
1754 404 1789 426 e-

104 433 172 464 nim
191 435 259 466 sieri
271 434 390 480 potest,
418 445 452 467 ut
462 432 556 467 facile
566 436 730 467 intereant
739 436 919 481 Principes,
945 435 995 470 vel
1006 440 1135 472 ratione
1145 440 1365 484 intemperiei,
1394 440 1445 474 vel
1464 440 1628 476 bellorum
1648 440 1790 475 occasio-

102 490 145 512 ne
160 485 236 564 3stad
248 481 468 530 quorumfata
478 482 660 530 sequuntur
669 488 895 531 regnorum&
909 483 1249 531 legum'mutationes,
1274 498 1351 533 quia
1361 500 1468 524 novus
1479 492 1553 526 Rex
1567 503 1653 525 nova
1663 491 1716 526 lex
1727 492 1791 525 dici

100 541 176 578 pote
211 557 219 568 ,
363 562 374 576 η,

199 582 247 614 Ad
270 581 330 615 hos
349 579 485 620 effessus
499 581 712 615 Cometarum
733 584 831 616 etiam
848 583 982 618 illorum
994 581 1084 617 causa
1099 579 1426 617 effitiensinfluentia
1437 599 1555 635 nempe
1574 588 1714 624 siderum
1729 589 1791 624 ali-

103 631 182 676 quid
197 629 346 665 conferte
356 631 460 675 potest
472 654 481 669 ‚
508 631 602 664 docet
613 633 702 664 enim
717 631 982 667 Ptolomaeuslib.
1000 644 1034 669 2.
1047 634 1257 678 quadripart.
1268 635 1468 677 operis‚quae
1478 637 1494 670 ὲ
1506 642 1641 673 cometis
1654 650 1791 686 porten-

102 684 236 719 dantur,
261 678 419 723 ejusmodi
432 679 506 718 efle,
531 680 641 727 qualia
653 683 753 715 Marti
776 704 785 719 ‚
808 684 843 716 δέ
855 681 1026 716 Μεῐέιιτίο
1052 704 1061 719 ,
1088 684 1120 715 ὅ(
1132 684 1253 716 caereris
1265 681 1453 718 Planetisin
1465 691 1633 734 praeceptis
1647 688 1790 723 suisaffi.

101 741 207 776 gnant
222 727 397 775 Astrologi.
451 731 599 772 Qiando
612 741 669 776 erg
746 731 849 777 empli
869 743 919 778 gr.
941 732 1062 764 Martis
1073 741 1197 765 natutae
1209 730 1258 764 vel
1272 733 1658 770 Mercuriicometaesunt
1675 761 1686 776 ,
1711 748 1788 772 tunc

102 779 200 818 bella,
231 778 448 818 crudelitates,
474 781 613 812 exitium
633 783 667 825 ἃ
720 791 825 813 ortem
846 778 1032 827 designant.
1085 782 1175 813 Mars
1186 782 1383 819 enuntiatas,
1395 781 1585 823 discordias,
1596 785 1790 826 calumnias,

102 826 200 866 bella,
226 827 414 877 tumtiltu53
444 829 631 862 Mercurius
639 839 747 862 autem
761 830 1029 866 inconstantiam,
1062 830 1231 862 mendacia
1245 841 1255 874 3
1285 829 1469 876 perfidiam,
1498 832 1628 868 fraudes
1639 837 1790 875 denotat.

103 878 205 922 Quod
214 874 429 911 confirmatur
443 889 484 911 ex
494 877 644 911 doctrina
655 878 689 914 Ρ.
700 879 851 912 Kircheri
867 881 901 912 in
913 878 1113 924 phisiologia
1127 890 1213 911 nova
1226 879 1265 911 de
1276 889 1483 917 cometarum
1492 894 1609 917 natura
1620 907 1630 922 ‚
1651 884 1706 919 ubi
1725 885 1788 920 sta-

101 938 177 965 tuit,
200 928 296 959 etiam
325 937 467 960 cometas
486 925 600 973 aliquo
623 925 751 960 influxu
772 927 855 961 mala
866 929 1016 974 quaedam
1035 930 1069 961 in
1082 927 1209 961 mundo
1222 927 1372 961 inferiori
1386 930 1474 977 posse
1485 935 1613 966 causare
1626 937 1659 967 &
1673 928 1782 980 praefi-

100 975 256 1024 gnificare
267 997 276 1012 ,
303 987 422 1022 utpote
433 975 520 1022 signa
533 975 669 1022 alicujus
679 988 805 1022 magnae
818 979 1068 1014 commotionis,
1095 989 1166 1023 quae
1178 976 1262 1009 sadia
1272 978 1316 1010 est
1329 980 1363 1011 in
1377 979 1487 1026 globis
1500 981 1704 1017 caelestibus:
1725 997 1790 1018 un.

99 1028 140 1059 de
151 1025 257 1072 postea
272 1036 356 1058 terta
368 1025 421 1059 fiat
434 1028 593 1072 particeps
604 1024 677 1058 talis
690 1025 834 1060 influxus
845 1050 854 1065 ,
867 1025 998 1061 ‘debere
1008 1028 1096 1059 enim
1109 1038 1170 1072 pro
1180 1026 1368 1060 indubitato
1377 1028 1490 1064 haberi
1502 1032 1599 1070 dicit,
1625 1032 1715 1079 quod
1732 1033 1790 1067 Sol

97 1087 166 1109 non
185 1071 291 1107 solui-n
313 1074 430 1108 influat
451 1087 525 1109 cum
542 1074 671 1108 lumine
686 1077 720 1109 &
731 1074 881 1110 calotein
892 1087 1031 1123 corpora
1042 1073 1202 1109 inferiora
1220 1098 1231 1113 ,
1258 1075 1479 1112 verumetiam
1491 1079 1508 1114 a
1522 1091 1636 1114 natura
1647 1081 1791 1117 donatus

99 1123 137 1158 fit
147 1122 252 1157 adhuc
264 1122 335 1157 aliis
346 1123 525 1158 virtutibus
537 1123 801 1170 particularibus,
827 1137 899 1172 qua:
908 1123 929 1158 fi
940 1125 1120 1172 aliquando
1130 1127 1163 1158 in
1175 1125 1329 1162 malefico
1341 1125 1402 1162 situ
1417 1131 1549 1176 Martis,
1575 1141 1630 1164 aut
1642 1129 1790 1166 infausto

97 1172 370 1218 saturniaspeeiu
381 1172 591 1212 infestentur,
617 1172 726 1207 subiti>
739 1172 842 1208 abilla
852 1174 1060 1222 malignitate
1069 1176 1238 1209 concitata:
1259 1187 1493 1212 commoveant
1515 1178 1586 1212 illas
1607 1180 1789 1215 horrendas

95 1221 369 1256 conturbationes
382 1222 503 1262 morsis,
535 1235 608 1269 quae
621 1221 662 1256 ab
671 1221 835 1270 aliquibus
845 1235 1006 1258 vocantur
1019 1221 1115 1256 morbi
1129 1224 1212 1260 Solis.
1263 1225 1360 1258 Unde
1379 1227 1498 1261 deinde
1516 1227 1690 1263 nascantur
1702 1230 1791 1264 steri«

96 1270 204 1306 litates
219 1297 230 1314 ,
251 1270 420 1311 siccitates.
448 1283 664 1310 terraemotus,
690 1273 942 1312 inundationes,
968 1285 1039 1320 quae
1050 1273 1172 1307 damno
1185 1271 1433 1309 afficiunthunc
1447 1278 1611 1311 mundum
1630 1277 1790 1312 subluna-

95 1333 164 1356 rem
175 1343 185 1358 ,
212 1320 387 1368 &insuper
402 1323 434 1355 in
445 1319 638 1356 hominibus
651 1319 765 1355 billem
779 1322 990 1357 accendendo
1002 1334 1156 1357 moveant
1167 1321 1264 1361 bella,
1275 1326 1308 1357 &
1318 1322 1446 1365 fimilia‚
1464 1338 1536 1373 qua:
1547 1338 1681 1374 magnas
1694 1339 1790 1362 com-

95 1372 261 1405 motiones
272 1368 652 1418 necessariosequuntur.
703 1371 786 1405 Non
807 1382 919 1406 autem
939 1371 1067 1419 semper
1080 1395 1089 1411 ,
1116 1369 1168 1405 sed
1181 1371 1391 1407 solummodo
1404 1398 1414 1411 ‚
1441 1377 1576 1422 quando
1588 1376 1635 1409 illi
1649 1375 1734 1411 fumi
1747 1389 1788 1411 ex

96 1420 163 1455 illis
178 1420 356 1467 vaporibus
365 1421 509 1454 exhalati
521 1420 858 1468 propter-immensam
872 1423 1043 1456 materiam
1054 1423 1087 1455 in
1097 1421 1202 1456 altum
1211 1420 1345 1456 evolant
1364 1446 1374 1461 ‚
1403 1427 1435 1458 &
1453 1426 1487 1458 in
1502 1424 1621 1458 aethere
1630 1426 1786 1459 conden..

93 1472 218 1504 santur.
270 1471 366 1504 Unde
379 1468 503 1504 etiamsi
518 1480 646 1505 cometa
655 1470 760 1517 spatio
773 1482 825 1514 30,
837 1483 897 1517 40,
911 1471 967 1516 3⁴0,
978 1482 1144 1505 annorum
1156 1483 1224 1505 non
1236 1474 1435 1517 apparuerit,
1461 1472 1544 1507 mala
1559 1485 1682 1511 tamen,
1708 1474 1722 1519 [
1751 1486 1788 1510 ut

93 1530 216 1553 mortes
226 1521 414 1566 Principum
442 1543 452 1560 ‚
479 1519 581 1566 pestes
593 1542 602 1557 ,
628 1517 733 1553 fames
744 1542 755 1557 ,
781 1531 921 1554 annonae
930 1523 1058 1559 caritas,
1085 1521 1316 1567 terraemotus]
1344 1523 1498 1567 ingruere
1512 1522 1656 1569 possunt.
1708 1526 1788 1558 Haec

92 1571 183 1603 enim
198 1569 281 1603 mala
296 1596 307 1612 ‚
334 1581 367 1603 ut
380 1569 562 1616 plurimum
572 1572 670 1602 etiam
683 1568 700 1603 ἒι
716 1567 779 1603 suis
788 1569 888 1604 causis
897 1573 1058 1616 proximis
1067 1569 1276 1618 dependent3
1303 1581 1339 1603 ut
1354 1571 1448 1617 pestis
1459 1572 1597 1606 adscribi
1612 1571 1709 1607 debet
1721 1574 1789 1608 dist

92 1619 248 1665 positioni
259 1619 356 1657 aeris,
382 1618 553 1665 putredini
568 1616 750 1656 venenosae,
775 1620 970 1653 cadaverum
985 1617 1240 1664 &animalium‚
1267 1631 1426 1665 corrupto
1439 1622 1553 1660 vieini,
1582 1624 1616 1656 &
1631 1620 1701 1658 aliis
1717 1634 1788 1657 nia-v

93 1667 133 1702 lis
146 1667 395 1702 conditionibus
406 1668 573 1711 locorum,
599 1668 760 1714 proximis
770 1668 872 1704 causis
880 1672 1127 1716 contagiorurn.
1179 1670 1256 1701 Haec
1271 1669 1461 1708 Kircherus.

189 1715 370 1752 Conclusio
380 1719 488 1754 tcttia.
515 1717 675 1751 Cometes
684 1729 802 1752 omnes
815 1740 825 1755 ‚
852 1717 909 1752 etsi
925 1716 1021 1764 perse
1031 1715 1215 1751 naturalem
1225 1717 1371 1764 aliquam
1384 1721 1449 1753 vim
1463 1718 1667 1766 significandi
1683 1719 1788 1755 habe-

91 1778 161 1806 ant,
188 1779 223 1802 ut
233 1780 273 1801 ex
284 1768 381 1801 diens
391 1766 512 1816 liquet,
538 1765 741 1812 potissimutn
757 1778 869 1803 tamen
878 1779 918 1802 ex
929 1769 1004 1802 DE}
1017 1765 1227 1814 beneplacito
1238 1770 1456 1814 praenuntiare
1465 1780 1605 1805 mortem
1617 1772 1787 1816 Principii,

92 1816 194 1855 bella,
221 1815 542 1863 &aliashujusmodi
561 1815 672 1863 plures
687 1816 901 1855 calamitates.
973 1816 1112 1851 Constat
1129 1818 1296 1863 imprimis
1315 1817 1377 1851 hoc
1398 1830 1438 1851 ex
1451 1816 1528 1864 ipsis
1542 1820 1649 1855 verbis
1662 1819 1789 1854 Christi

95 1868 172 1904 Luc.
185 1880 204 1902 2
214 1878 222 1901 Ι
232 1892 242 1902 .
253 1879 282 1902 ν.
303 1877 358 1902 10.
379 1870 486 1913 Surget
492 1877 567 1912 gens
577 1876 822 1913 contragentem,
850 1867 1025 1913 &regnum
1034 1865 1182 1905 adverfias
1191 1878 1317 1912 regnum
1334 1889 1343 1904 ‚
1376 1866 1412 1902 ώ-
1434 1877 1614 1902 terr-emotus
1636 1871 1740 1917 rnagm'
1755 1880 1785 1901 e.

93 1926 166 1949 runt
177 1916 299 1962 perlata
312 1938 320 1951 ‚
347 1915 725 1961 &pessilentiae&famcs.
751 1915 906 1962 terrorisq}
916 1915 952 1948 de
965 1916 1050 1952 coelo.
1078 1915 1202 1960 &figna
1210 1926 1323 1961 magna
1338 1925 1438 1952 erunt.
1489 1918 1593 1959 Quod
1607 1917 1672 1953 five
1686 1916 1786 1952 intel-

93 1965 215 2012 ligatur
241 1964 292 2009 [ut
302 1967 438 2010 quidam
451 1966 746 1998 Commentatores
758 1965 894 2011 volunt]
921 1964 961 1997 de
974 1964 1105 1997 excidio
1118 1963 1208 1997 urbis
1227 1964 1417 2007 Jerusalem,
1442 1966 1569 2002 constat
1578 1967 1678 2006 certe,
1697 1966 1788 2001 testi.

94 2014 155 2048 bus
165 2013 354 2059 Josepho&
370 2013 510 2048 Eusebio
524 2037 533 2052 ,
558 2025 719 2047 cometam
733 2012 799 2048 illic
808 2016 938 2048 excidio
950 2011 1043 2059 super
1057 2012 1172 2047 urbem
1186 2012 1390 2061 praeluxiss‘e3
1416 2014 1478 2047 hoc
1492 2015 1532 2048 de
1546 2016 1790 2051 universalior-

95 2063 144 2097 bis
155 2066 294 2097 interitu
304 2075 380 2097 ante
394 2062 856 2108 supremiJudicisadventum
871 2086 881 2101 ,
905 2062 1049 2096 sentiunt
1060 2064 1157 2096 ctiam
1172 2063 1283 2109 plures
1299 2065 1465 2097 Doctores
1483 2067 1568 2100 inter
1581 2065 1669 2113 signa
1684 2065 1739 2099 illa
1753 2069 1789 2100 δε

96 2114 247 2160 prodigia
260 2115 292 2146 in
303 2112 389 2148 coelo
399 2118 433 2147 &
447 2111 543 2146 stellis
557 2111 689 2146 futuros
701 2111 762 2146 esse
772 2120 941 2160 cometas3
966 2123 1112 2158 quotum
1122 2113 1248 2146 intuitu
1267 2111 1412 2146 scelerati
1423 2113 1439 2146 a
1451 2118 1589 2158 peccatis
1599 2118 1791 2149 deterrean-

97 2174 149 2196 tur
163 2186 174 2202 ,
200 2163 281 2197 &ad
295 2160 410 2196 setiam
424 2163 652 2209 poenitentiam
664 2173 873 2197 moneantur.
930 2161 1072 2195 Constat
1085 2161 1117 2195 id
1130 2160 1273 2196 secundo
1284 2174 1324 2196 ex
1336 2161 1407 2209 ipso
1420 2162 1523 2196 ductu
1537 2166 1676 2199 rationis
1691 2163 1789 2207 ,8610-

97 2213 185 2246 mine
199 2223 334 2251 natum,
360 2212 436 2247 curn
448 2223 565 2246 omnes
579 2213 730 2246 nationes
741 2214 883 2255 cujusvis
894 2210 1087 2259 Religiotfl’s
1097 2211 1136 2245 ad
1147 2210 1360 2258 conspeffitum
1384 2212 1499 2246 hatum
1521 2212 1674 2248 fatalium
1695 2213 1792 2249 flam-

96 2273 221 2297 marum
232 2262 467 2296 exhorrescant
477 2260 661 2308 judicantes
671 2261 741 2300 has,
768 2272 804 2296 ut
814 2260 903 2309 ligna
917 2262 1185 2307 impendentium
1199 2260 1439 2295 calamitatum.

192 2311 448 2346 confirmantur
458 2310 732 2346 haecindufflone
743 2321 947 2345 cometarum
963 2311 1080 2358 prioris
1098 2314 1132 2345 &
1147 2309 1311 2355 prccsentis
1330 2309 1435 2345 saeculi
1449 2314 1594 2347 exuat-‘ta
1614 2326 1654 2348 ex
1671 2313 1792 2347 Mundi

95 2358 434 2398 mirab.Oeconomia
451 2362 586 2402 Ioannis
602 2360 712 2399 Zahn.
742 2362 843 2395 Anno
866 2369 971 2397 1500,
988 2370 1130 2394 cometes
1150 2360 1322 2394 horrendae
1337 2362 1581 2406 magnitudinis
1603 2364 1757 2410 apparuit
1783 2385 1794 2401 ‚

95 2409 196 2456 paulo
207 2409 274 2455 post
286 2411 651 2458 Bajazetes‚Turcatum
662 2412 857 2456 Imperator,
883 2408 998 2444 urbem
1011 2409 1186 2448 Methone,
1214 2409 1279 2444 sive
1300 2410 1431 2444 Modon
1449 2410 1571 2446 dietam
1593 2415 1632 2446 ad
1647 2415 1793 2446 Venetos

96 2461 330 2505 pertinentem,
358 2461 422 2494 uua
433 2472 508 2494 cnm
525 2458 599 2494 aliis
613 2459 694 2494 locis
704 2463 739 2494 in
751 2457 956 2506 Peloponeso
969 2457 1034 2492 fitis
1044 2461 1234 2500 occupavit,
1288 2461 1370 2494 Dira
1390 2459 1524 2507 insuper
1535 2461 1606 2497 lues
1621 2474 1676 2509 pet
1687 2472 1792 2495 totam

95 2510 304 2546 Germaniam
323 2521 396 2544 cum
407 2521 525 2556 magna
538 2521 678 2544 annonae
687 2511 821 2544 caritate
835 2506 972 2543 craffare
982 2510 1094 2555 coepit.
1148 2511 1250 2544 Anno
1266 2512 1369 2555 1506,
1385 2520 1512 2544 cometa
1524 2503 1690 2549 illuxitff&
1703 2520 1793 2543 mors

94 2557 242 2605 Philippi
258 2555 490 2604 Hispaniarum
506 2560 620 2606 Regis.
647 2561 695 2593 uti
705 2562 740 2594 δε
753 2558 848 2605 pestis
861 2569 980 2604 magna
991 2570 1067 2593 cum
1077 2560 1207 2605 ingenti
1221 2570 1413 2593 terra-motu
1426 2558 1721 2606 Constantinopoli
1739 2559 1792 2592 se-

94 2618 181 2644 cuta.
235 2606 359 2643 Bellum
373 2620 508 2655 quoque
519 2611 684 2643 Venetum
696 2606 875 2642 decennale
896 2606 1013 2641 exarsit
1039 2631 1049 2646 ‚
1064 2608 1166 2654 ‘quod
1186 2615 1230 2643 Im
1239 2620 1368 2654 perator
1384 2609 1634 2644 Maximili.2nus
1647 2632 1656 2645 ‚
1685 2606 1793 2649 lulius

95 2657 258 2692 secundus
275 2657 449 2698 Pontifex,
466 2658 656 2694 Ludovicus
669 2660 746 2694 X11.
757 2660 831 2693 Rex
842 2656 969 2695 Gallia-³,
999 2657 1223 2693 Ferdinandus
1236 2660 1310 2693 Rex
1324 2657 1560 2703 Hispaniarum
1572 2654 1794 2692 confoederati

95 2707 234 2742 Venetis
251 2706 450 2745 intulerunt,
500 2708 676 2743 Cometam
687 2710 769 2742 anni
785 2709 1043 2753 1511.maxima
1054 2706 1256 2742 cladesinter
1270 2709 1521 2755 sigismundum
1541 2711 1670 2754 Regem
1690 2705 1793 2741 Polo·

95 2758 156 2791 niae
170 2760 205 2792 &
221 2756 538 2792 Ducem-Moscoviae
552 2760 707 2792 comitata
717 2756 763 2791 est
776 2781 785 2794 .
808 2760 843 2791 in
853 2768 922 2803 quo
931 2766 1067 2802 40000.
1080 2756 1339 2792 Moscovitarum
1355 2769 1458 2803 prope
1477 2769 1609 2791 amnem
1620 2756 1790 2790 Boristhe-

96 2817 172 2841 nem
185 2806 367 2855 petietunt.
416 2805 642 2855 Subsequente
654 2805 733 2843 veto
746 2819 835 2840 anno
849 2805 960 2841 rursus
975 2805 1151 2854 Ostrogius
1166 2808 1244 2841 Dux
1255 2807 1382 2842 eductis
1401 2817 1450 2852 17.
1461 2805 1575 2840 militis
1585 2806 1703 2840 Poloni
1715 2805 1793 2841 mil-

96 2851 183 2894 libus
198 2861 328 2897 80000.
340 2853 526 2892 Moscorum
537 2857 575 2891 ad
590 2858 711 2891 Ottam
720 2857 813 2893 vicit.
862 2856 1004 2890 Cometa
1023 2866 1115 2901 1515.
1135 2857 1246 2901 postse
1260 2858 1359 2891 traxit
1378 2866 1519 2889 mortem
1541 2857 1643 2903 Regis
1656 2854 1769 2889 Galliae
1782 2878 1794 2893 ‚

98 2905 515 2945 maximasinundationes‚
537 2905 652 2941 saevam
671 2906 807 2948 luemin
819 2905 983 2942 Saxonia,
1009 2905 1088 2940 Thu
1097 2907 1222 2953 nogia,
1253 2904 1464 2950 wlsini-ique,
1489 2907 1534 2939 ita
1554 2916 1590 2939 ut
1603 2906 1698 2939 tertia
1719 2916 1794 2952 pars

99 2953 275 2992 hominum
289 2957 344 2990 vix
354 2953 558 2995 remanserit,
582 2956 706 3003 quibus
720 2954 845 2989 acceslit
855 2966 946 2988 anno
958 2953 1180 3001 subsequente
1191 2967 1280 2989 mors
1292 2953 1487 2987 Ferdiiiandi
1501 2956 1602 3002 Regis
1613 2952 1793 3000 Hispania-

99 3014 172 3039 rum
183 3010 215 3041 δι
230 3004 388 3040 uladislai
402 3006 504 3050 Regis
513 3006 705 3052 Hungariae.
756 3005 931 3039 cometam
948 3016 957 3038 ι
970 3015 987 3048 5
998 3016 1006 3039 ι
1019 3015 1050 3050 7.
1067 3003 1174 3039 secuta
1187 3005 1232 3038 est
1250 3004 1456 3049 expugnatio
1467 3003 1705 3048 Hierosolyma:
1715 3004 1796 3038 ase-

98 3051 182 3087 limo
192 3057 406 3101 Imperatore,
433 3057 467 3089 &
479 3053 617 3089 Haetefis
634 3055 828 3090 Lutherana.
874 3053 1014 3088 Cometa
1023 3053 1205 3100 affulgente
1224 3063 1326 3094 1521.
1340 3063 1492 3088 mortuus
1502 3055 1567 3088 Leo
1578 3056 1620 3087 X.
1635 3051 1793 3087 Pontifex

98 3104 276 3143 Maximus,
304 3103 386 3139 Alba
396 3106 506 3138 Graeca
518 3102 535 3137 a
546 3105 873 3151 Turcisexpugnata.
923 3101 1050 3138 Bellum
1064 3104 1261 3137 diuturnum
1271 3104 1358 3135 inter
1371 3101 1531 3138 Cat-olum
1546 3105 1590 3140 V,
1613 3105 1647 3137 δε
1661 3104 1794 3136 franci-
1822 3117 1829 3125 ·

95 3151 185 3189 scum
198 3151 309 3190 Galliae
320 3156 448 3201 Regem
466 3163 635 3190 exortum.
681 3156 785 3189 Anno
808 3153 921 3200 1526,
937 3164 998 3197 27,
1009 3155 1053 3199 ‚dc
1074 3156 1134 3194 28.
1157 3161 1293 3186 cometae
1302 3149 1486 3187 attulerunt
1497 3153 1648 3188 miseram
1662 3151 1792 3233 claell-em

1746 3211 1787 3235 u-
