2060 3444
234 161 306 217 50
894 141 1268 215 Meteorologia

238 233 374 269 beatur,
399 225 684 264 afflatusfulminis
702 231 770 261 non
782 225 911 261 tantum
931 227 1064 262 lethifer
1073 227 1181 262 existit
1193 252 1202 267 ,
1229 239 1265 262 ut
1280 225 1514 262 facilevitalem
1524 222 1663 261 calorem
1681 223 1840 266 suffocet,
1866 211 1920 258 sed

241 285 338 318 etiam
351 279 393 314 ob
402 279 542 314 calorem
556 275 783 310 calidiffimum
795 275 976 310 tenuiffime
994 276 1057 311 sese
1070 276 1291 310 insinuantem
1307 279 1512 325 quandoque
1528 276 1643 309 accidit
1655 299 1665 315 ,
1690 289 1726 310 ut
1747 285 1921 310 momento

241 333 418 366 humorem
435 325 522 373 quafi
544 326 701 370 exsugat,
726 329 760 360 &
782 325 917 359 humida
927 336 1065 372 corpora
1085 324 1194 359 afflata
1206 328 1240 358 in
1251 326 1337 359 arida
1349 337 1534 362 convertar.
1584 326 1778 370 Exemplum
1795 327 1919 358 mirum

243 382 376 414 adducit
385 376 555 412 Cardanus
568 372 590 409 l.
612 374 646 410 8.
666 376 781 411 variet,
794 385 889 419 c243.
915 374 1100 412 Referunt,
1117 377 1246 421 inquit‚
1261 376 1295 407 in
1312 377 1436 409 Lemno
1464 373 1568 410 insula
1581 398 1590 414 ,
1608 373 1668 407 ubi
1692 374 1806 408 rniulae
1816 383 1920 407 cornu

244 430 405 463 dividitur
417 450 426 464 ,
445 424 522 456 οόὲο
535 420 689 457 messores
699 421 758 457 sub
769 434 892 470 quercu
905 435 1072 458 coenantes
1089 424 1105 458 ὲ
1125 422 1265 457 fulmine
1275 423 1434 467 perculsos
1447 454 1458 473 ⁷
1485 435 1586 470 atque
1600 424 1803 456 examinatos
1825 434 1920 455 man-

244 477 313 513 fisse
324 475 423 510 subea
435 472 556 518 specie,
576 471 641 518 qua
656 471 890 506 discubuerant
907 497 919 516 ‚
934 484 1063 507 utunus
1075 472 1246 507 comedere
1256 473 1419 508 videretur
1445 498 1455 513 ‚
1481 472 1562 507 alter
1579 474 1631 506 ori
1643 470 1795 518 poculum
1818 481 1919 505 manu

243 529 417 562 admovere
427 545 437 561 ‚
464 520 546 555 alius
557 519 690 569 bibere3
717 520 856 567 cumque
870 524 956 569 nigri
966 534 1081 557 omnes
1094 522 1194 556 essenr
1221 545 1229 558 ‚
1256 523 1434 570 imaginem
1447 524 1625 557 statuarum
1648 522 1786 555 totidem
1801 531 1919 567 repraef

241 575 424 611 sentabant.

337 621 449 657 Simile
464 623 543 669 quid
555 623 697 668 contigit
710 634 719 656 ι
732 622 813 666 ς46.
827 619 1001 654 Mechlinae
1013 644 1023 660 ‚
1044 619 1100 654 ubi
1116 619 1288 665 tempestas
1306 619 1457 654 fulminis
1481 619 1601 656 i<Stibus
1617 624 1650 655 &
1665 619 1829 654 afflatibus
1839 618 1917 652 hor-

241 673 356 710 rendas
369 671 471 706 edidit
482 672 600 718 strages
610 694 620 709 ,
639 674 725 704 inter
734 680 785 703 eas
795 680 904 703 autem
917 681 1117 703 memoratur
1129 692 1140 707 ,
1154 680 1372 715 congerrones
1387 669 1516 716 aliquot
1528 680 1678 715 potantes
1692 670 1731 702 ad
1751 667 1921 701 tabernam

245 720 480 758 cerevifiariam
494 720 606 755 sedisse
617 743 627 758 ‚
648 717 877 765 temporisque
891 716 1245 753 terendicauffichartis
1260 717 1388 753 lusoriis
1404 717 1555 764 certaffe3
1591 717 1754 764 hospitam
1771 727 1882 752 autem
1912 736 1924 756 2

248 771 325 806 cum
336 772 376 805 ad
392 771 608 817 promendam
623 767 811 802 cerevisiam
826 770 861 801 in
872 767 1115 802 subterraneam
1131 766 1237 801 ivisset
1253 767 1366 802 cellam
1378 791 1386 805 ‚
1409 769 1600 802 redeuntem
1621 767 1761 802 bibones
1780 767 1819 800 ad
1829 777 1922 800 rnen-

246 822 313 855 sam
323 844 333 861 ,
358 831 394 854 ut
408 832 463 854 eos
477 818 654 865 reliquerat
666 841 677 855 ,
703 818 852 850 (edentes
862 829 991 856 omnes,
1013 817 1064 851 sed
1075 819 1281 851 exanimatos
1295 828 1329 851 ac
1344 827 1495 850 mortuos
1503 817 1666 863 repetifle.

344 867 660 913 Conclufioquarta.
685 865 824 900 Fulmen
836 867 920 900 taeta
935 868 1109 900 bominum
1124 877 1262 911 corpora
1281 867 1448 900 interdum
1465 867 1584 913 re'digit
1601 869 1636 900 in
1650 868 1791 900 cinerem
1802 889 1811 902 ‚
1839 866 1923 899 &in

245 920 315 954 iau
326 916 415 965 quasi
428 916 514 951 oculi
525 916 678 952 absumit.
706 926 794 962 paret
806 916 960 962 exemplo
972 939 981 954 ,
1006 917 1097 963 quod
1111 913 1352 962 Wolffgangus
1363 918 1537 949 Meurerus
1547 919 1580 949 in
1590 916 1778 950 comment.
1791 917 1926 949 Meteo-

244 969 310 1004 rol.
321 980 337 1001 a
365 968 407 1002 ud
419 967 655 1001 Sennertumin
668 966 943 1011 Epitomeicient.
954 968 1075 1002 Natur.
1088 964 1111 1000 l.
1121 977 1154 1009 4.
1169 976 1196 997 c.
1210 977 1242 999 2-
1254 971 1367 1009 terea,
1388 968 1545 998 nimirum
1557 965 1744 999 ministrum
1756 965 1925 1011 quendam

245 1020 290 1052 ita
301 981 410 1051 sugite>
426 1027 574 1062 ereptum
586 1027 625 1048 ex
642 1015 817 1048 hominurn
826 1014 930 1048 oculis
942 1013 1170 1048 ietufulmims
1182 1036 1191 1051 ,
1214 1014 1247 1046 in
1262 1016 1330 1051 via,
1350 1013 1415 1060 qui
1428 1012 1531 1060 Lipsia
1541 1016 1607 1047 itur
1620 1015 1779 1061 Torgam‚
1789 1024 1825 1048 ut
1836 1012 1926 1058 post--

245 1079 282 1101 ea
299 1067 680 1114 nunquamapparuerit.
733 1064 839 1097 Causa
862 1066 979 1110 utique
1000 1063 1085 1108 fuit,
1103 1062 1193 1110 quod
1205 1073 1292 1096 totus
1305 1087 1313 1101 ‚
1332 1074 1474 1109 quantus
1485 1062 1571 1102 fuir,
1589 1075 1714 1101 carnes,
1731 1062 1808 1101 offa,
1821 1061 1925 1095 vestes

240 1115 315 1163 ipsae
330 1118 365 1150 in
375 1118 499 1149 cineres
516 1118 549 1148 &
565 1124 681 1147 ventos
694 1111 873 1156 abierunr3
902 1125 980 1147 nam
997 1113 1067 1146 sieri
1081 1111 1168 1159 poste
1180 1135 1189 1147 ,
1216 1122 1253 1145 ur
1264 1110 1416 1146 fulminis
1425 1111 1568 1146 efficacia
1580 1125 1650 1146 non
1669 1111 1775 1145 solum
1786 1110 1927 1146 combu-

238 1177 373 1204 rantur,
400 1164 453 1197 sed
467 1163 573 1196 statim
584 1161 804 1201 calcinentur,
841 1164 874 1194 &
890 1163 924 1196 in
941 1165 1086 1196 cinerem
1104 1162 1295 1206 redigentur
1308 1173 1446 1207 corpora
1464 1162 1574 1209 aliqua
1594 1160 1728 1196 accenso
1740 1159 1854 1208 spiritu
1872 1172 1927 1194 to-

239 1227 306 1249 tam
325 1214 557 1249 humiditatem
576 1221 747 1244 momento
760 1209 849 1256 quafi
859 1209 1048 1245 absumente
1057 1234 1067 1249 ‚
1092 1208 1232 1244 dubium
1244 1210 1304 1243 este
1315 1223 1382 1244 non
1393 1212 1513 1257 potest,
1565 1211 1718 1246 Κεάεέὶο
1729 1221 1839 1244 autem
1850 1221 1925 1243 cor—

238 1276 318 1312 pore
328 1265 362 1297 in
373 1264 511 1298 cineres,
536 1260 571 1293 hi
586 1259 637 1294 vel
650 1258 690 1293 ab
703 1258 775 1305 ipso
787 1262 912 1305 impetu
922 1260 1086 1299 fulminis,
1114 1260 1173 1307 qui
1183 1260 1291 1293 aerem
1306 1259 1507 1307 rapidiffirne
1520 1260 1625 1295 secum
1635 1260 1748 1299 trahit,
1760 1259 1811 1294 vel
1820 1259 1838 1293 a
1848 1257 1925 1301 subg

239 1313 396 1361 sequente
417 1321 516 1345 vento
537 1307 771 1356 disperguutur
787 1311 821 1342 in
841 1321 946 1344 auras.

339 1363 412 1395 Hoc
424 1362 522 1393 etiam
541 1358 680 1392 fortaffis
703 1358 805 1393 modo
819 1357 907 1393 urbis
928 1361 1090 1395 Romanae
1102 1357 1472 1395 ConditorRomuluse
1486 1360 1568 1394 vivis
1582 1357 1729 1392 sublatus
1749 1357 1795 1392 est
1808 1385 1819 1402 ‚
1846 1357 1928 1405 qui:

243 1422 281 1445 ut
294 1412 447 1444 Livius&
458 1408 512 1442 alii
524 1419 679 1445 narrant,
703 1406 779 1440 cum
795 1408 832 1440 ad
847 1412 1027 1443 exercitum
1050 1410 1282 1444 recensendum
1298 1411 1492 1442 concionem
1513 1410 1548 1441 in
1565 1419 1683 1453 campo
1699 1407 1738 1440 ad
1752 1418 1852 1453 caprae
1872 1417 1928 1451 pa-

245 1460 358 1494 ludem
371 1457 503 1492 haberet
522 1479 533 1496 ,
563 1454 674 1490 subito
686 1466 798 1490 coorta
814 1458 983 1503 tempestas
993 1470 1067 1492 cum
1078 1470 1198 1507 magno
1212 1459 1344 1505 fragore
1357 1479 1367 1496 ‚
1396 1456 1640 1504 tonitribusque
1654 1467 1720 1490 tam
1732 1455 1833 1489 denso
1858 1457 1929 1489 Re-

245 1521 322 1556 gem
330 1509 464 1552 operuit
480 1506 614 1543 nimbo,
637 1517 672 1540 ut
693 1503 905 1552 conspenum
923 1510 989 1551 ejus
999 1510 1154 1542 concioni
1165 1508 1362 1553 abstulerim
1397 1517 1456 1539 nec
1479 1506 1599 1540 deinde
1615 1507 1752 1540 interris
1763 1503 1930 1540 Romulus

249 1556 335 1593 visus
348 1555 413 1590 fuit
426 1579 436 1593 ‚
460 1555 690 1601 creditumque
708 1555 872 1589 incoelum
884 1555 1046 1590 sublatum
1059 1580 1070 1594 ‚
1094 1570 1192 1604 quem
1206 1554 1336 1591 fulmen
1347 1566 1402 1589 aut
1420 1555 1520 1589 turbo
1532 1555 1748 1602 dislipaverat.

343 1608 479 1647 Quaeres
497 1604 606 1651 primo
631 1615 640 1641 ζ
676 1604 747 1638 Cur
782 1603 863 1650 [πρὸ
889 1604 1070 1640 fulmineus
1092 1608 1178 1653 ignis
1204 1604 1336 1640 tantum
1372 1603 1527 1638 allambat
1546 1624 1556 1643 ᾗ
1595 1605 1838 1651 necquidquam
1863 1605 1929 1635 no:

245 1658 393 1691 rumenti
417 1652 569 1690 adferat?
618 1652 821 1699 Respondeo
846 1677 857 1691 ‚
894 1655 956 1688 hoc
976 1654 1025 1688 vel
1049 1659 1240 1701 contingere
1258 1655 1301 1688 ob
1314 1652 1518 1687 debilitatem
1531 1653 1672 1687 flammae
1682 1676 1692 1691 ‚
1717 1664 1753 1687 ut
1766 1653 1929 1689 diximus,

243 1707 320 1739 dum
336 1706 476 1738 nimium
485 1703 682 1736 divaricatur
695 1725 705 1740 ‚
742 1703 820 1736 &in
833 1714 939 1749 partes
950 1704 1109 1738 dividitur
1125 1717 1133 1736 ι
1156 1704 1207 1738 vel
1219 1707 1296 1750 quia
1315 1705 1349 1736 in
1361 1701 1434 1735 talia
1448 1714 1585 1749 corpora
1600 1703 1717 1737 incidit
1728 1722 1738 1740 ‚
1763 1713 1832 1748 quae
1845 1712 1926 1747 qua-

242 1753 393 1789 litatibus
406 1752 468 1787 suis
479 1753 653 1785 contrariis
663 1753 750 1797 ignis
767 1756 953 1798 reprimunt
966 1754 1181 1787 aetivitatem.
1228 1753 1386 1796 Quaedam
1400 1754 1489 1785 enirn
1500 1751 1615 1786 natura
1627 1751 1802 1785 suacontra
1813 1752 1926 1797 ignem

241 1803 418 1837 seruentur
428 1812 464 1835 ut
480 1800 624 1834 asbestus
637 1824 645 1838 ,
673 1802 773 1847 quiin
793 1800 890 1836 telam
905 1803 1046 1846 duribus,
1073 1802 1094 1836 fi
1114 1801 1202 1836 forte
1220 1802 1278 1835 usu
1291 1801 1401 1835 surdos
1417 1802 1602 1836 contrahat.
1653 1803 1731 1848 igne
1754 1811 1928 1846 purgatur.

242 1854 294 1887 Sic
305 1853 402 1886 etiam
416 1849 436 1883 fi
449 1861 568 1896 aquam
581 1847 730 1882 fabarum
746 1847 884 1883 calidam
897 1851 977 1885 calci
998 1846 1155 1885 dillolutae
1169 1851 1352 1887 miscueris,
1378 1853 1412 1883 &
1432 1850 1617 1884 malvavisci
1627 1874 1640 1896 ,
1668 1848 1765 1896 atque
1775 1860 1928 1895 magran-

241 1899 446 1947 culialiquid
466 1897 631 1931 addideris
650 1920 660 1936 ‚
691 1897 818 1944 istaque
839 1898 938 1932 massa
954 1899 1135 1937 imbueris,
1173 1911 1208 1932 ac
1219 1898 1382 1933 resiccaris
1396 1911 1550 1938 manum,
1576 1902 1690 1946 ignem
1709 1896 1860 1931 tracttabis
1877 1900 1930 1930 in-

241 1950 364 1985 nocue,
416 1946 522 1981 Simili
533 1956 750 1980 arteutuntut
758 1948 1009 1993 empyrici,dum
1025 1947 1156 1994 publico
1167 1950 1200 1981 in
1215 1948 1345 1982 theatro
1353 1947 1393 1981 ad
1407 1948 1523 1995 populi
1535 1946 1723 1982 circumfiJfi
1734 1947 1930 1981 admiratio-

245 2012 321 2034 nem
332 1996 471 2044 plumbo
483 2019 493 2034 ,
517 1998 549 2029 δε
561 1997 631 2041 pice
641 1994 781 2039 liquatas
790 2008 906 2031 manus
915 1996 1038 2034 lavant.

342 2050 480 2090 Qaeres
489 2042 657 2080 Secundo:
688 2044 757 2077 Cur
766 2046 799 2077 in
811 2057 876 2078 una
887 2044 973 2090 sylva
981 2045 1113 2081 arbores
1126 2060 1218 2083 certae
1230 2050 1396 2084 laeduntur
1406 2047 1476 2082 aliis
1490 2045 1649 2083 furareris?
1677 2043 1734 2078 ubi
1753 2043 1927 2079 Helmonr.

245 2096 350 2134 refert
359 2096 455 2131 trade.
464 2091 684 2138 Meteorolog.
700 2092 851 2132 Anomal,
863 2106 954 2128 num.
971 2105 1026 2131 20.
1053 2095 1164 2129 vidisse
1178 2097 1208 2131 se
1218 2102 1314 2133 unico
1326 2100 1465 2144 fragoris
1479 2096 1559 2129 sono
1579 2093 1608 2127 se
1625 2094 1780 2139 praesente
1797 2093 1930 2139 aliquot

244 2145 406 2192 myriades
421 2154 617 2189 quercuum,
645 2145 679 2175 &
692 2141 877 2187 corylorum
888 2142 1070 2185 combustas
1085 2146 1185 2190 prope
1201 2148 1412 2181 Vilvordium
1425 2169 1435 2184 ‚
1460 2144 1516 2179 ubi
1537 2144 1669 2177 interim
1692 2140 1849 2190 frequens
1870 2141 1930 2177 be-

246 2195 329 2233 tula,
358 2191 452 2239 fagus
464 2195 497 2227 δε
512 2192 608 2225 alnus
619 2189 718 2224 densa
729 2189 922 2225 confufione
933 2191 1004 2227 aliis
1019 2195 1194 2227 commista*
1204 2196 1220 2229 ὲ
1237 2199 1362 2230 tonitru
1374 2192 1477 2229 illaesae
1491 2192 1750 2240 permanserunt,
1774 2189 1930 2237 Respon-

245 2245 322 2282 deo,
345 2239 600 2276 eventumhunc
611 2238 855 2274 refundendum
872 2240 978 2275 effein
994 2242 1108 2276 harum
1132 2243 1285 2279 arborum
1302 2244 1434 2279 effluvia
1457 2242 1692 2277 contrariantia
1709 2239 1931 2286 qualitatibus

244 2292 399 2327 fulminis
409 2286 548 2326 excuffi,
572 2291 663 2331 juxta
681 2291 770 2323 enim
790 2292 976 2324 varietatem
988 2291 1120 2333 subjeffl
1133 2291 1210 2339 serpe
1220 2297 1326 2329 varius
1343 2293 1384 2328 ab
1394 2292 1506 2328 eadem
1520 2289 1611 2326 causa
1630 2289 1738 2324 existit
1756 2289 1893 2325 effeetus
1918 2310 1931 2329 ,

246 2345 282 2377 δε
295 2352 367 2389 quae
379 2341 481 2373 amica
492 2337 537 2371 est
549 2339 606 2371 uni
616 2360 627 2374 ‚
653 2339 786 2372 inimica
797 2338 842 2372 est
855 2338 966 2377 alteri,
993 2340 1068 2374 huic
1079 2346 1339 2391 appropinquat,
1363 2342 1403 2377 ab
1413 2342 1517 2377 altero
1527 2339 1651 2387 refugit
1662 2350 1674 2385 3
1701 2337 1741 2373 fic
1759 2352 1845 2389 aqua
1856 2338 1929 2375 for·

251 2393 306 2429 tis,
332 2400 370 2424 ut
379 2402 419 2423 ex
427 2389 524 2422 dietis
536 2386 672 2423 constat,
703 2386 872 2433 chalybem
883 2389 993 2423 exedit
1005 2412 1016 2427 ,
1042 2394 1075 2424 δε
1085 2393 1197 2425 eadem
1210 2405 1288 2427 cerae
1298 2391 1391 2426 molli
1405 2393 1521 2435 parcit.

341 2441 478 2484 Qaetcs
488 2435 604 2470 Tertio
618 2446 631 2473 x
659 2435 729 2469 Cur
740 2437 874 2475 vulnera
893 2437 909 2472 ἐι
927 2438 1070 2473 fulmine
1088 2438 1261 2485 frigidiora
1284 2441 1346 2475 fint
1367 2441 1497 2488 reliquo
1511 2437 1676 2487 corpore?
1701 2438 1901 2486 Respondeo
1915 2461 1927 2479 ‚

242 2487 373 2525 causam
385 2487 522 2534 quidam
534 2483 596 2518 esse
612 2483 730 2519 volunt
745 2508 755 2523 ,
782 2486 873 2532 quod
884 2487 949 2522 una
960 2499 1034 2522 cum
1045 2487 1187 2523 fulmine
1201 2493 1309 2525 omnis
1318 2490 1406 2524 calor
1416 2490 1568 2538 abigitur.
1599 2491 1632 2524 P.
1643 2489 1721 2524 verb
1732 2487 1929 2524 Adalbertus

244 2534 468 2584 Tylkovvsky
479 2545 562 2583 part.
574 2533 784 2581 Meteorolog
811 2538 930 2574 curios.
947 2548 1076 2584 cap.3o.
1088 2536 1197 2578 sentit,
1223 2541 1240 2574 ὲ
1253 2551 1378 2574 terrore
1389 2543 1423 2574 δε
1433 2552 1561 2574 veneno
1571 2540 1602 2573 id
1611 2541 1755 2577 evenire,
1781 2537 1872 2584 quod
1893 2549 1930 2571 u-

243 2599 287 2621 na
296 2597 371 2620 cum
381 2583 523 2619 fulmine
536 2582 665 2618 vulneri
685 2582 881 2623 affunditur.
931 2585 1138 2622 Probabilior
1158 2598 1265 2623 tamen
1276 2591 1392 2635 opinio
1402 2589 1464 2622 effe
1474 2589 1602 2623 videtur
1629 2611 1638 2626 ‚
1663 2589 1753 2635 quod
1767 2586 1926 2621 fulminea

245 2636 378 2670 flamma
393 2632 583 2681 sanguinem
594 2631 710 2666 caloris
732 2635 949 2682 &spirituum
963 2635 1337 2673 caleiacicntiumsedem
1361 2637 1520 2676 exsiccet,
1545 2649 1602 2672 aut
1615 2650 1679 2672 una
1693 2637 1809 2673 avehat
1834 2658 1845 2674 2
1870 2646 1928 2669 aut

246 2683 407 2723 absumar,
431 2685 471 2717 ad
484 2686 572 2727 cujus
583 2680 751 2716 defectum
766 2684 942 2719 necessario
954 2683 1059 2732 frigus
1076 2685 1297 2735 subsequitur.
1347 2690 1393 2722 Ita
1415 2687 1667 2735 philosophatur
1680 2686 1851 2723 Cardanus
1866 2683 1928 2722 lib.

243 2744 298 2767 un.
309 2733 348 2765 dr·
357 2731 441 2780 fulg.
451 2745 478 2766 c.
497 2743 550 2777 19.
1331 2746 1336 2750 '

346 2783 480 2826 Quaeres
492 2780 642 2826 Qarto:
669 2782 767 2816 Unde
780 2784 964 2831 contingat,
987 2782 1076 2832 quod
1087 2782 1264 2832 aliquando
1275 2784 1293 2818 ὲ
1302 2785 1430 2820 duobus
1439 2787 1555 2822 eodem
1576 2789 1612 2821 in
1634 2788 1722 2822 ledro
1730 2780 1927 2821 recumbena

247 2828 335 2865 tibus
345 2841 448 2864 unum
466 2833 552 2877 ignis
561 2830 618 2866 hic
630 2830 906 2867 exanimetillaeso
919 2832 1054 2870 altero?
1082 2834 1291 2880 Respondeo.
1317 2835 1444 2875 causam
1458 2837 1520 2870 esse
1541 2859 1551 2875 ,
1582 2838 1673 2883 quod
1689 2835 1747 2871 illo
1767 2835 1927 2879 temporis

245 2878 389 2926 punCtO,
414 2891 482 2925 quo
493 2877 622 2914 fulmen
632 2882 765 2928 utrique
776 2882 868 2927 aeque
882 2880 1093 2928 applicatum,
1119 2882 1358 2918 &indifferens
1373 2895 1460 2925 erat,
1487 2898 1571 2920 unus
1585 2887 1732 2932 spiritum
1755 2907 1765 2923 ‚
1790 2886 1824 2917 &
1846 2893 1923 2916 cum

245 2939 287 2961 eo
297 2927 747 2964 exhalationemsulmineam
759 2929 1106 2966 omniaurz'imobilem
1116 2935 1284 2968 attraxerit
1312 2956 1323 2972 ‚
1349 2932 1431 2969 alter
1451 2935 1530 2970 vero
1548 2935 1717 2982 respitiurn
1738 2931 1925 2967 emittendo

244 2975 376 3012 fulmen
385 2976 401 3009 ὲ
411 2975 441 3009 se
453 2981 626 3015 amoverit.

343 3027 480 3067 Quaefcs
490 3027 640 3067 Quint&
665 3028 850 3072 Qomodo
860 3029 937 3067 fiat,
962 3028 1052 3077 quod
1072 3029 1152 3078 saepe
1171 3026 1272 3066 homo
1288 3023 1340 3065 vel
1350 3030 1886 3069 brutumafulrnineinterimatur
1909 3050 1921 3074 ·,

245 3084 285 3109 ut
296 3073 426 3110 nullum
440 3074 615 3121 vestigium
626 3076 772 3123 yulnetis
781 3090 934 3128 appareat
953 3077 971 3117 ’ἓ
1019 3081 1231 3128 Responderi,
1255 3081 1289 3116 id
1301 3084 1493 3130 contingere
1506 3080 1591 3118 forte
1614 3080 1718 3118 veleb
1727 3084 1857 3130 vaporis
1866 3094 1922 3118 ae·

1837 3131 1923 3168 censi
