2060 3444
103 223 112 230 ᾖ
400 222 403 223 7
609 158 969 234 Philosophico
980 198 999 208 >-
1013 165 1238 221 Pontica.
1676 175 1779 232 149

106 236 179 280 non
196 231 328 282 potest}
355 235 747 291 vapotsicraslusabsque
759 248 864 280 ventis
875 251 948 297 cogi
959 262 1026 284 non
1041 252 1146 297 potest
1159 276 1168 291 ‚
1185 251 1274 286 unde
1286 261 1324 286 ut
1343 262 1426 299 aqua
1436 244 1656 296 congelascat,
1682 246 1778 278 debet

104 281 275 317 dfflffissfn
285 289 360 321 affe
372 288 533 331 detineri,
556 294 592 325 &
604 293 747 338 agitari&
758 306 876 334 vento,
904 302 1200 336 utcommisceatur
1209 313 1284 335 cum
1296 301 1564 335 exhalationibus
1573 294 1661 329 ficcis
1671 316 1681 332 ‚
1706 304 1779 339 quae

102 331 280 379 suntaquae
291 337 479 383 coagulum.

175 428 180 434 .
209 383 346 435 Qaete·
361 388 470 424 terrio.
535 399 581 421 uae
593 384 683 420 causa
696 385 754 425 fit,
780 390 1046 433 quan-wantum
1059 410 1134 435 mre
1145 408 1299 430 exortum
1338 395 1485 430 randinis
1498 390 1784 440 magnusquidam

109 424 236 461 sonitus
246 429 413 465 audiatur.
465 430 514 463 Re
531 436 684 474 pendeo,
711 437 778 463 gui
794 438 854 470 hoc
869 432 921 467 vel
941 428 1036 466 ideo,
1063 440 1138 475 quia
1158 437 1270 474 pugna
1291 408 1337 460 el}
1354 443 1506 467 aum-‚M
1530 443 1782 469 „vhssmmnm

107 478 144 510 in
158 475 306 511 nubibus
319 505 330 522 ‚
355 489 429 525 quae
442 488 615 521 erumpere
625 479 768 511 nitentes
780 482 867 512 varia
880 480 1062 526 agitatione
1075 500 1085 515 ,
1110 488 1217 516 motu,
1234 487 1333 522 atque
1345 480 1457 511 attritu
1469 489 1620 512 murmur
1633 491 1707 513 eum
1718 478 1784 514 fra·

105 537 191 571 ¹gote
207 527 322 563 edunt,
349 526 429 560 ficut
446 536 486 559 ex
508 525 575 559 olla
599 524 801 561 fervescente
820 528 948 575 liquore
958 528 1110 561 stridores
1120 529 1319 562 excitantur.
1372 527 1434 559 Vel
1449 529 1547 560 etiam
1561 551 1571 567 ,
1595 530 1777 575 quiacolli-

107 576 232 609 duntur
244 573 664 623 jamcongelataegutruiae‚
691 577 768 609 dum
780 577 848 611 alim
860 577 1166 611 inaliasincutrunt
1178 598 1188 614 ‚
1215 579 1246 609 δέ
1259 577 1467 621 impingunt.

206 623 480 670 Qiaeresquarti‘).
518 625 590 658 Cur
610 628 804 673 grandinem
819 629 853 660 in
869 626 976 660 aestate
994 628 1071 670 saepe
1084 638 1207 672 magnae
1221 636 1320 671 guttae
1335 624 1493 670 pluviales
1506 629 1683 674 pra-cedere
1697 626 1779 663 sole.

104 671 192 709 ant?
218 676 433 720 Respondeo‚
461 674 524 707 hoc
534 679 729 722 contingere
745 698 754 712 ‚
781 675 872 720 quod
887 677 1011 722 priores
1021 678 1167 720 quaedam
1178 686 1276 720 gutrae
1286 673 1332 707 ob
1344 677 1451 707 aerem
1471 688 1538 710 non
1551 679 1630 711 dum
1641 677 1717 711 saris
1728 681 1781 712 in-

102 721 298 770 frigidatum
316 722 484 770 congelari
496 735 680 769 nequeant,
705 728 860 771 quocirca
873 728 916 758 ita
928 722 1195 769 permillsselibere
1208 735 1283 757 curn
1299 725 1461 770 gravitate
1475 724 1526 759 fua
1542 727 1754 763 delabuntur.

201 774 336 813 Quaeres
346 772 478 818 quinto.
505 773 575 806 Cur
583 774 713 820 grando
725 797 735 811 ‚
760 773 834 807 cum
849 772 886 807 fit
895 777 969 807 nive
978 774 1092 806 durior
1105 799 1116 816 ‚
1144 771 1279 806 celerius
1291 785 1401 806 tamen
1415 771 1570 819 liquescat
1582 775 1684 812 nive?
1719 777 1781 809 sla-

104 822 165 855 tim
175 823 282 859 enim,
310 832 346 854 ut
359 833 480 855 terram
490 825 649 870 attingit,
671 822 823 869 liquescit
835 824 973 871 grando,
1031 823 1250 866 Retpondeo,
1271 825 1374 855 varias
1394 823 1489 866 hujus
1508 826 1553 858 rei
1567 826 1606 858 ab
1619 825 1779 859 Authori-

105 868 167 904 bus
177 872 319 904 rationes
332 869 467 909 adferri.
517 872 629 906 Primo
643 895 652 911 ‚
669 874 746 918 quia
757 875 982 919 grandoaquae
1001 871 1044 903 est
1064 874 1307 916 propinquior3
1333 872 1378 904 est
1399 875 1487 907 enim
1506 886 1587 921 aqua
1606 885 1754 908 concreta
1767 887 1780 913 ,-

107 922 165 953 nix
184 925 292 953 aurem
309 932 378 953 non
397 919 434 954 fit
446 921 638 955 immediate
657 922 697 955 ab
706 934 810 968 aqua,
833 921 884 955 sed
895 933 933 955 ex
944 931 1071 966 vapore.
1127 920 1216 952 cum
1230 932 1309 966 ergo
1325 919 1525 969 nixlongius
1534 922 1615 956 abfit
1634 923 1673 956 ab
1686 935 1779 968 aquce

106 966 224 1003 natura
238 992 249 1008 ,
274 980 373 1014 quam
383 972 514 1016 grando
525 995 534 1008 ,
550 970 635 1004 nihil
645 974 768 1005 mirum
782 971 826 1004 est
840 994 849 1008 ,
875 971 1012 1004 eandem
1025 968 1259 1002 durabilior-em
1271 969 1333 1003 elle
1344 993 1353 1007 ,
1375 972 1474 1015 quam
1490 974 1696 1018 grandinem.
1723 974 1779 1006 Se-

107 1018 236 1054 cundo,
253 1020 330 1063 quia
348 1020 485 1054 calidior
498 1020 543 1053 est
553 1024 628 1058 aer,
647 1019 720 1054 cum
730 1021 924 1067 grandinat,
941 1020 1040 1066 quam
1055 1018 1129 1052 cum
1144 1021 1264 1064 ningit.
1320 1019 1462 1066 Tertio,
1489 1025 1565 1068 quia
1585 1021 1779 1067 plui-essunt

105 1066 236 1113 spiritus
246 1065 361 1115 frigidi
371 1071 406 1102 in
417 1072 495 1103 nive
506 1093 517 1108 ‚
538 1069 637 1115 quarn
648 1072 681 1104 in
691 1070 852 1116 grandine
863 1092 873 1107 ‚
892 1067 1003 1115 sicclue
1016 1067 1074 1114 ipsi
1086 1069 1292 1115 lmpedlunt.‚
1312 1079 1347 1102 ut
1370 1068 1478 1102 statim
1500 1072 1556 1103 nix
1566 1073 1604 1103 ad
1617 1070 1732 1104 statum
1746 1083 1780 1103 a·

105 1127 175 1162 qua:
186 1115 307 1152 redeat.
359 1118 512 1162 Qartu,
531 1120 576 1156 D.
589 1119 708 1153 Hamel
721 1121 754 1152 in
769 1117 944 1154 Mereord.
959 1131 978 1152 ι.
997 1129 1022 1151 c.
1036 1117 1110 1157 3.id
1124 1128 1258 1163 propter
1277 1119 1378 1163 ipsam
1396 1118 1589 1153 densitatem
1609 1120 1780 1166 grandinis

104 1165 176 1199 sors
187 1168 322 1201 evenire
341 1169 529 1206 existimat,
549 1168 832 1214 quemadmodum
848 1169 956 1205 enim,
975 1169 1110 1214 inquit,
1125 1165 1208 1200 libra
1220 1167 1347 1213 plumbi
1360 1167 1477 1206 citius,
1496 1169 1597 1215 quam
1619 1172 1728 1214 butyri
1739 1169 1781 1201 li-

103 1214 229 1261 quescit
240 1238 249 1254 ‚
270 1215 360 1262 quod
372 1216 429 1251 ubi
443 1229 515 1264 pars
527 1229 590 1251 una
599 1217 739 1252 calorem
752 1219 904 1265 concepit
916 1240 926 1251 .
948 1216 1055 1249 statim
1066 1227 1140 1249 eum
1153 1219 1546 1263 proximaeeommunicat
1558 1240 1569 1257 ,
1587 1220 1679 1252 &ita
1689 1216 1780 1265 quasi

100 1274 157 1311 per
166 1276 280 1299 manus
290 1262 437 1300 citiffitn'e
447 1265 535 1300 calor
550 1278 608 1313 per
618 1279 734 1302 ornnes
745 1278 850 1313 partes
861 1264 1075 1301 diffunditur.

201 1316 335 1358 Qiaeres
346 1314 450 1354 sexto,
493 1317 587 1358 Quid
608 1316 668 1351 fibi
682 1316 760 1351 velit
775 1339 785 1353 ‚
802 1315 892 1362 quod
916 1317 1085 1362 grandinis
1098 1311 1227 1361 globuli
1237 1313 1452 1350 observentur
1463 1318 1499 1350 in
1512 1315 1622 1350 medio
1633 1315 1780 1353 habere,

102 1360 259 1398 nucleum
271 1363 442 1400 subalbum
455 1378 491 1399 ac
502 1365 605 1400 veluti
616 1369 764 1401 niveum.
814 1365 1036 1411 RespondeO:
1055 1366 1102 1399 Ex
1114 1365 1175 1398 hoc
1187 1361 1303 1399 inferri
1315 1387 1327 1403 ,
1342 1366 1434 1412 quod
1445 1377 1522 1399 ante
1531 1368 1780 1412 generationem

99 1413 274 1459 grandinis
284 1426 459 1461 generetur
470 1418 527 1449 nix
544 1438 555 1454 ,
572 1428 645 1464 quae
659 1417 704 1450 est
714 1414 818 1450 veluti
834 1414 942 1448 semen
965 1416 1162 1462 grandini33
1189 1424 1258 1447 turn
1279 1415 1357 1449 vero
1375 1414 1478 1449 multa
1488 1426 1572 1460 aqua
1581 1413 1780 1448 circumfusa

100 1462 309 1502 adhaerescit,
333 1468 367 1499 &
385 1464 578 1512 congelatur
596 1489 606 1504 ‚
632 1478 666 1500 ac
676 1467 873 1514 grandinem
885 1463 1021 1509 perficit.
1079 1465 1150 1497 Nec
1159 1465 1282 1498 mirum
1293 1464 1359 1503 est,
1386 1463 1494 1498 media
1510 1463 1615 1497 aestate
1629 1466 1780 1511 generari

99 1513 210 1546 nivem
221 1515 256 1547 in
267 1512 414 1549 nubibus
424 1538 434 1554 ‚
449 1513 522 1548 cum
537 1514 626 1549 illam
642 1518 812 1550 videamus
821 1513 928 1559 aliqua
936 1514 1002 1546 ndo
1013 1513 1125 1547 cadere
1137 1514 1171 1546 in
1182 1511 1352 1547 montibus
1364 1515 1399 1547 in
1413 1513 1548 1548 summis
1559 1511 1733 1553 caloribus,
1744 1517 1778 1548 δε

97 1561 375 1601 credendumest‚
392 1563 484 1611 quod
501 1562 815 1600 descenderetetiam
827 1565 861 1597 in
871 1562 941 1607 loca
951 1561 1090 1596 humilia
1103 1586 1113 1603 ,
1131 1560 1191 1596 nifi
1201 1562 1219 1596 ὲ
1231 1561 1338 1597 calore
1347 1565 1473 1597 ae'risin
1483 1561 1554 1609 ipso
1567 1561 1721 1596 descensu
1731 1574 1780 1596 re·

95 1608 465 1659 solvereturinaquam.

193 1661 344 1708 Colliges
355 1664 483 1703 ptimo,
498 1661 576 1697 curn
589 1662 814 1697 exhalationes
828 1659 913 1695 siccae
927 1685 936 1700 ‚
955 1658 1077 1709 quibus
1090 1661 1190 1694 etiam
1207 1658 1335 1693 constat
1354 1661 1481 1705 grando
1494 1686 1503 1702 ,
1522 1659 1665 1696 habeant
1675 1663 1782 1696 virtu·

93 1721 162 1746 tem
181 1711 384 1751 adustivam,
409 1725 476 1746 non
495 1711 599 1747 solum
619 1714 813 1761 grandinem
833 1710 997 1759 flagellare
1012 1734 1022 1751 ,
1045 1714 1079 1744 &
1098 1710 1306 1757 prosternere
1326 1710 1468 1756 segetes,
1487 1710 1540 1745 sed
1556 1714 1591 1745 &
1609 1711 1745 1745 adurere
1771 1734 1782 1749 ‚

88 1761 316 1809 quodcunque
327 1763 458 1810 tangit,
474 1764 517 1795 ita
528 1773 565 1795 ut
576 1763 647 1809 post
658 1774 778 1809 paucos
792 1763 859 1795 dies
873 1761 1059 1796 marcescat.
1091 1760 1193 1801 Quod
1208 1757 1230 1792 fi
1244 1757 1323 1793 vero
1341 1760 1469 1806 grando
1479 1760 1614 1794 admista
1626 1758 1781 1806 [itaquae.

87 1809 165 1845 licet
176 1822 245 1844 non
255 1810 366 1845 minus
376 1811 522 1858 flagellet
534 1812 675 1858 segetes,
699 1810 809 1845 minus
827 1806 1315 1845 tamenadurit&damnificat.
1368 1810 1469 1843 Ratio
1479 1809 1543 1849 est,
1568 1811 1645 1855 quia
1664 1821 1776 1856 aqua..

85 1859 212 1898 abluit,
249 1871 285 1893 ac
301 1861 443 1908 detergit
467 1859 696 1894 exhalationes
714 1858 875 1905 segetibus
887 1861 1017 1895 noxias.
1060 1860 1149 1891 Hinc
1159 1859 1257 1891 eriam
1268 1857 1438 1902 procedit,
1456 1858 1547 1904 quod
1559 1857 1579 1891 fi
1591 1857 1692 1904 paulo
1702 1859 1775 1905 post

86 1910 287 1958 grandinem
297 1909 447 1944 succedat
457 1909 586 1957 pluvia.
612 1909 740 1956 grando
750 1908 904 1942 reddatur
916 1907 1029 1941 minus
1039 1909 1138 1940 noxia
1154 1928 1166 1944 ‚
1191 1904 1266 1940 cum
1284 1904 1395 1951 pluvia
1417 1905 1523 1941 abluit
1547 1907 1776 1943 exhalationes

84 1958 252 2006 segetibus
262 1957 444 2004 pestiferas.

186 2007 338 2055 Colliges
347 2005 492 2043 secundo
501 2017 540 2039 ex
550 2006 731 2045 Kirchero‚
751 2005 889 2040 modurn
901 2002 1099 2040 conficiendi
1110 2003 1306 2051 grandinem
1319 2004 1529 2041 artificiosam
1540 2030 1551 2046 ,
1573 2019 1694 2052 nempe
1706 2005 1772 2040 fiin

85 2056 183 2093 tholo
204 2055 334 2097 ferreo,
362 2069 401 2092 ut
415 2057 456 2091 de
476 2055 580 2089 modo
598 2055 716 2101 pluviae
727 2053 877 2096 faciende
895 2053 1088 2090 retulimus,
1115 2059 1260 2099 vaporin
1273 2053 1417 2099 pluviam
1429 2054 1622 2096 resolvitur,
1643 2058 1678 2090 &
1692 2065 1773 2090 tunc

34 2127 38 2132 ·
84 2106 175 2142 infra
185 2105 316 2142 tholum
330 2106 414 2143 folle
428 2105 586 2153 frigidior
597 2115 713 2139 ventus
723 2105 884 2137 excitetur
895 2125 905 2141 ,
925 2101 1070 2148 pluviam
1079 2101 1229 2134 densabir
1239 2105 1274 2131 in
1287 2104 1498 2145 grandinem.

278 2234 942 2309 CONCLUSIO
1016 2229 1582 2307 POLITICA.

326 2335 759 2407 inconcussum
786 2336 895 2476 essel:
914 2338 1080 2403 decet
1096 2338 1168 2403 ad
1181 2334 1534 2425 grandinem

784 2447 867 2478 1113.
892 2449 1081 2482 Grumb-

83 2534 327 2641 FA'oulatn
340 2538 374 2571 in
391 2536 519 2572 faaum
531 2549 708 2574 converte,
727 2539 880 2576 politice.
939 2540 1040 2575 Nulla
1057 2545 1214 2578 Minervae
1232 2541 1403 2578 adversitas
1420 2553 1489 2578 etat
1502 2538 1652 2579 adversa,
1681 2537 1772 2573 nulla

180 2585 348 2620 calamitas
357 2587 559 2624 calamitosa.
612 2587 703 2621 Nam
728 2588 820 2622 scuto
839 2590 1009 2635 tegebatur
1024 2593 1203 2628 immortali
1216 2617 1226 2633 ,
1247 2606 1284 2628 ex
1294 2592 1370 2628 fuso
1383 2605 1481 2631 auro,
1508 2591 1595 2638 quod
1607 2601 1666 2623 nec
1680 2591 1769 2623 Mar»
1787 2597 1919 2644 Aristjd‘

180 2639 222 2669 tis
242 2633 373 2669 futores
389 2636 618 2684 infregerant,
644 2648 704 2670 nec
713 2636 842 2671 trisulca
861 2640 951 2683 jovis
970 2640 1113 2676 fulmina
1127 2654 1389 2690 penetraverant.
1438 2644 1534 2677 Scuto
1546 2639 1591 2673 sat
1606 2640 1712 2673 reolus
1724 2638 1770 2672 est
1785 2651 1933 2698 Hymnjn

80 2685 198 2723 bono,
225 2686 276 2717 Cui
290 2685 422 2717 animus
433 2698 503 2721 non
516 2685 655 2720 vacillat.
712 2687 883 2722 Prostratae
892 2691 1025 2725 virtutis
1038 2691 1103 2730 est,
1129 2695 1183 2727 cui
1196 2694 1235 2727 ad
1249 2706 1381 2728 ornnem
1400 2694 1506 2726 casum
1518 2688 1769 2734 spiritusjacear.
1786 2700 1935 2734 affinem,

82 2740 221 2773 Ferreus
235 2730 442 2766 sitPolitieus
454 2757 464 2773 ‚
483 2736 569 2768 &ad
578 2734 709 2770 messem
720 2738 889 2784 grandinis
907 2740 1131 2779 inconcuslus,
1183 2733 1330 2792 segetem
1349 2741 1443 2777 facile
1459 2739 1538 2786 legit
1557 2739 1706 2785 grando,
1734 2741 1770 2773 &
1783 2749 1911 2786 Homer.
1922 2758 1956 2787 ι.

83 2796 162 2820 aute
172 2781 307 2818 meslern
316 2780 453 2816 demetit
469 2806 479 2820 ,
507 2785 585 2830 quia
597 2786 741 2820 tremulo
753 2788 865 2821 culmo
877 2786 1041 2837 subfistit3
1066 2793 1246 2828 atMartius
1256 2791 1493 2827 animusietum
1507 2787 1770 2826 reverberat,nec
1783 2796 1874 2835 ΗΜΛ,

83 2835 208 2868 demeti
218 2830 277 2864 fibi
288 2840 387 2875 caput
402 2833 522 2876 patitur
535 2855 545 2870 ‚
562 2837 640 2878 quia
654 2836 1004 2883 impenetrabiliscuto
1016 2839 1330 2877 fortitudinislatera
1341 2840 1459 2875 induit.
1512 2839 1636 2885 Lignea
1656 2837 1767 2872 cohae-

84 2878 244 2919 tentbase
255 2880 374 2913 vitium
389 2891 546 2925 gemtuae,
569 2881 838 2931 faciligrandinis
847 2890 921 2922 casu
934 2890 968 2923 in
980 2900 1100 2925 terram
1109 2892 1265 2926 decidunt
1276 2891 1405 2934 baccae3
1433 2888 1510 2935 quia
1531 2886 1683 2923 laureato
1700 2886 1757 2921 sti-

87 2934 157 2980 pite
167 2942 234 2965 non
246 2927 479 2985 sustentantur.
504 2941 536 2965 at
545 2933 660 2974 animo
671 2937 770 2982 Gigas
783 2947 832 2970 tot
845 2935 904 2972 fibi
915 2950 954 2972 ex
963 2938 1112 2986 glaciatis
1122 2940 1238 2987 lapillis
1251 2939 1379 2987 colligit
1395 2948 1540 2985 gemmas
1554 2960 1564 2976 ‚
1580 2948 1666 2984 quot
1685 2935 1765 2972 casi-

90 2981 151 3013 bus
162 2987 346 3020 premitur:
374 2979 550 3014 Lauteatus
559 2992 599 3014 ex
608 2983 767 3020 conflictu
777 2987 913 3025 recedit,
944 2991 1021 3035 quia
1038 2990 1124 3025 nulli
1137 2988 1210 3024 falci
1232 2991 1383 3035 pervium
1398 2989 1554 3023 lacertum
1568 2990 1664 3035 gerit.
1694 2987 1765 3020 Non

24 3069 29 3074 ,
81 3024 225 3072 P⁰²²st⁴²²
232 3036 389 3066 mutatur,
409 3041 465 3061 mn
473 3031 625 3064 extollitur
634 3032 793 3082 prosperis,
807 3047 863 3069 non
872 3036 1005 3081 tristibus
1013 3043 1171 3087 mergitur.
1220 3038 1329 3073 Meslis
1338 3039 1519 3086 grandinea
1529 3035 1578 3072 illi
1589 3037 1704 3084 gloriae
1716 3036 1760 3069 se-

88 3086 166 3107 men
177 3074 243 3114 est,
269 3078 304 3110 ln
315 3077 420 3113 imbre
428 3078 558 3127 glaciali
568 3078 735 3126 spiritibus
749 3084 830 3120 calet
841 3109 851 3124 ‚
868 3086 990 3133 quibus
1000 3088 1126 3123 ferreos
1136 3090 1230 3123 etiam
1243 3087 1339 3122 bolos
1355 3088 1496 3136 digerat.
1553 3086 1763 3133 Inquilinurn
1777 3066 1852 3113 ‘'ffic*

88 3125 343 3174 corporegestat
354 3129 547 3177 Herculem,
563 3126 611 3177 sat
622 3132 727 3177 teitus
738 3135 801 3177 est,
820 3138 878 3184 qui
890 3137 954 3173 hoc
965 3137 1074 3222 incoli}
1086 3137 1221 3185 gaudet.
1279 3137 1453 3174 Cariosum
1470 3137 1594 3173 tectum
1603 3134 1765 3217 gmsdine

1038 3229 1042 3232 ‚
1095 3198 1111 3234 3
1687 3194 1763 3217 tan·

1777 3016 1866 3055 CicJ.
1873 3028 1886 3055 1
1893 3043 1904 3056 .
1914 3015 1952 3052 de
