2060 3444
281 124 300 165 '1
301 123 338 168 7
343 115 382 169 4
907 86 1281 156 Meteorologia

284 197 356 219 ores
371 178 427 216 sub
441 191 527 214 zona
541 178 682 216 torrida,
712 186 748 211 ut
761 175 919 210 testantur
938 177 1045 221 periti.
1097 175 1119 207 Ρ
1146 166 1341 207 Athanasius
1357 170 1535 206 Kircberus
1549 172 1583 206 in
1593 171 1646 208 sua
1661 170 1884 221 arreinagnet.
1899 165 1963 209 lib.'

289 248 319 274 ς.
340 247 369 280 p,
386 244 415 276 3,
431 243 459 267 c,
471 241 503 266 2.
520 231 573 262 dat
587 228 714 261 tertiam
729 230 891 259 rationem
905 248 913 261 ,
941 227 1021 258 dum
1040 227 1133 257 docet
1145 246 1154 261 ,
1174 223 1262 255 hunc
1277 232 1406 256 motum
1418 222 1618 268 provenire&
1631 223 1702 258 Sole
1712 224 1958 258 absumente,&

282 286 318 319 in
335 291 470 328 vapores
489 276 672 312 resolvente
697 282 848 322 'magnam
871 275 998 307 Oceani
1014 284 1158 319 partem,
1186 279 1258 317 quae
1274 269 1332 304 sub
1342 273 1435 305 Zona
1447 271 1570 305 torrida
1582 269 1664 315 jacet
1680 293 1690 311 ‚
1714 270 1960 320 qufiabluniptci

283 333 417 378 reliquae
432 340 522 373 aquae
543 328 577 359 in
592 323 767 359 subsidium
787 326 926 358 veniunt
948 326 1089 367 partium
1103 345 1111 360 ,
1138 321 1358 355 laborantium
1376 320 1677 367 adimpediendurn
1694 333 1851 366 vacuum3
1880 325 1959 356 Haec

284 389 395 416 tamen
406 380 490 413 tatio
505 376 630 408 nonita
640 373 746 420 placer
755 396 764 412 ‚
786 375 864 419 ‘quia
875 372 1003 406 creditu
1016 369 1150 404 difficile
1159 370 1204 403 est
1218 391 1229 407 ,
1254 369 1344 415 quod
1354 379 1443 403 tanta
1453 382 1614 416 aquatum
1628 372 1722 416 copia
1730 371 1958 406 continuoab-

284 434 432 467 sumatur
441 424 482 458 ab
492 425 658 458 immenso
667 424 750 458 Solis
758 422 864 456 calore
875 444 885 459 ,
909 424 1064 455 &tamen
1076 431 1163 453 mare
1174 430 1242 451 non
1257 416 1386 452 aeficiat
1397 441 1406 456 ,
1425 432 1532 466 neque
1547 421 1725 453 minuatur.

382 474 530 511 Observa
543 485 672 511 tamen,
691 473 779 506 hu'nc
790 479 921 505 motum
931 468 972 502 ab
983 481 1058 503 ottu
1069 473 1101 502 in
1119 472 1267 501 occasum
1281 469 1409 501 nonita
1426 467 1679 515 intelligendum
1691 466 1767 508 esse,
1785 469 1874 516 quafi
1888 483 1956 505 rna-

285 543 319 565 re
332 526 662 569 continuatosemper
675 522 767 556 fluxu
779 519 866 554 tecla
878 518 973 564 plane
988 517 1099 552 semita
1113 518 1235 551 feratur
1251 528 1290 549 ex
1307 528 1383 550 ortu
1396 519 1429 551 in
1443 517 1629 564 oppositam
1639 518 1802 551 continuo
1813 520 1958 567 plagam·

285 575 400 614 verum
421 573 558 607 subinde
576 571 718 618 obliquo
733 573 831 604 etiam
859 572 987 602 tramite
1003 571 1155 615 progredi
1169 589 1180 603 ,
1203 577 1238 598 ac
1248 565 1401 600 nonnihil
1413 567 1605 604 defleekere,
1629 567 1698 600 imo
1715 549 1958 616 nonnunquam:

282 625 432 662 circulati
444 622 539 658 fluxu
549 634 678 655 metum
692 624 890 654 continuare
901 619 1043 664 cogitur.
1096 620 1132 649 ht
1145 614 1243 649 talem
1255 626 1359 649 nautae
1378 619 1413 649 in
1430 619 1596 650 Adriatico
1609 621 1689 650 mari
1711 619 1924 662 experiuntur
1949 643 1961 662 ,

283 676 429 711 sentiunt
442 677 532 707 enirn
546 695 556 710 ,
585 670 765 705 marcillud
775 670 813 700 ad
826 667 917 700 littus
928 667 1063 713 quidem
1080 664 1253 699 Dalmatiae
1271 663 1312 697 ab
1328 675 1405 698 ortu
1423 664 1532 701 versus
1546 663 1695 699 occasum
1707 666 1832 710 fluere3
1861 666 1959 705 sedin

283 727 499 759 Venetiatum
511 722 581 756 sinu
599 720 805 766 retorqueri,
831 721 863 751 ὅ(
879 717 916 748 ad
928 717 1021 749 littus
1036 715 1131 748 ltaliae
1147 713 1371 747 versusortum
1385 726 1561 751 recurrere,
1588 714 1731 760 ideoque
1744 719 1870 749 moveri
1883 730 1961 764 qua-

283 775 306 808 fi
319 773 533 808 circulariter.
584 772 671 803 Idem
685 770 799 801 dicunt
814 769 851 799 de
862 768 1127 801 Mediterranea,
1155 763 1245 808 quod
1263 766 1351 808 juxta
1363 765 1499 809 Europae
1516 764 1650 802 littora,
1677 764 1785 798 versus
1802 767 1960 812 Hiipani-

284 837 337 858 am
355 826 387 856 in
408 822 556 855 occasum
580 818 713 855 defluit,
739 818 772 850 in
792 814 861 849 finu
876 826 986 848 tamen
1005 812 1171 859 Hispaniae
1189 810 1334 846 deflectit
1349 811 1436 846 secus
1450 812 1569 847 Afric-‘e
1589 813 1702 847 littora
1714 814 1821 848 vetius
1835 827 1959 850 ortum.

283 876 322 908 Et
338 874 502 917 hocpurat
515 871 546 903 P.
560 869 695 903 Rhodes
707 890 716 904 ,
744 864 887 899 mirabili
908 863 1051 910 quadarn
1077 863 1151 896 DEI
1165 860 1374 907 providentia
1397 860 1466 895 fieri
1479 884 1489 900 ,
1514 861 1554 895 ne
1574 874 1660 895 mare
1672 863 1800 898 abortu
1813 865 1964 900 influens

284 934 404 956 terrain
414 920 595 966 obrucret3
622 917 681 950 acsi
695 916 809 949 Deus
820 937 829 952 ,
856 926 911 958 qui
925 919 1006 946 mari
1018 914 1176 946 terminos
1185 910 1378 952 constituit,
1405 922 1487 958 quos
1498 914 1661 959 praeterire
1677 924 1744 946 non
1763 918 1964 960 poterir‚hoc

283 970 375 1019 quasi
388 968 544 1008 circulati
563 978 657 1001 motu
668 967 830 1012 indigeret
842 986 850 1001 ‚
869 974 904 996 ut
915 964 1014 995 matis
1027 963 1187 1007 impetum
1203 959 1386 997 cohiberet.
1437 959 1729 997 Conimbricenses
1743 963 1822 998 veto
1833 968 1963 1000 causam

283 1023 381 1067 buius
399 1018 564 1053 circularis
580 1027 692 1050 motus
704 1015 885 1055 conjiciunt
904 1013 938 1044 in
956 1013 1201 1044 occurrentium
1219 1010 1535 1054 impedimentorum
1556 1010 1830 1047 constitutionem
1850 1037 1861 1052 ,
1886 1027 1964 1050 nam

284 1070 360 1105 cum
374 1081 464 1116 aquae
475 1071 562 1102 inter
571 1076 671 1100 terras
684 1061 864 1098 conclusae,
885 1063 920 1094 &
933 1062 967 1093 in
979 1059 1091 1094 littora
1112 1060 1334 1105 impingentes
1347 1069 1509 1104 perpetuo
1527 1070 1642 1092 tenore
1657 1063 1735 1096 cieri
1745 1063 1966 1109 nequeanrab

283 1131 361 1154 ortu
375 1121 408 1153 in
422 1116 571 1151 occasum
586 1125 597 1159 3
625 1111 829 1158 consequens
838 1109 884 1144 est
896 1131 907 1148 ,
931 1108 1080 1157 utprope
1093 1119 1192 1143 terras
1204 1106 1351 1142 flexuoso
1361 1109 1480 1142 itinere
1498 1111 1534 1142 in
1548 1121 1666 1157 gyrum
1678 1110 1855 1147 volvantur
1867 1137 1877 1152 ,
1926 1118 1964 1150 δε

281 1167 476 1204 circularem
493 1176 621 1199 motum
632 1164 814 1196 imitentur.

377 1213 557 1251 Conclusio
569 1213 676 1246 tertia.
726 1208 898 1244 Secundus
909 1213 1020 1242 motus
1032 1230 1042 1248 ,
1067 1204 1170 1255 quiin
1180 1215 1320 1254 utroque
1336 1206 1435 1240 etiam
1461 1208 1544 1241 mari
1558 1206 1674 1243 visitur
1685 1237 1698 1258 9
1723 1210 1768 1245 est
1779 1234 1790 1250 ,
1815 1212 1968 1258 quomad

277 1281 312 1304 re
327 1268 343 1302 ὲ
356 1266 578 1313 septentrione
589 1260 628 1295 ad
644 1259 801 1295 Austrum
820 1256 884 1292 five
895 1257 1066 1293 meridiem
1079 1258 1132 1291 seu
1144 1256 1162 1292 ὲ
1175 1256 1262 1291 Polis
1273 1256 1314 1289 ad
1331 1267 1534 1302 aequatotem
1552 1256 1669 1291 defluit
1680 1283 1692 1297 ,
1717 1272 1754 1295 ut
1763 1262 1859 1295 dotet
1869 1263 1969 1303 Arist.

278 1318 301 1357 l,
314 1329 346 1354 2.
358 1317 453 1361 hujus
465 1315 575 1361 operis
585 1314 619 1345 ὃ(
630 1322 720 1345 exeo
731 1310 759 1347 S.
773 1307 920 1342 Thomas
930 1331 941 1349 ,
965 1305 1121 1342 ,tilbertus
1137 1308 1281 1352 Magnus
1292 1327 1303 1344 ‚
1326 1303 1453 1351 aliique
1467 1310 1704 1346 communiter.
1753 1311 1894 1345 Constat
1903 1312 1968 1348 hoc

277 1363 502 1414 experienti53
535 1365 570 1396 in
592 1364 674 1395 mari
693 1357 935 1394 mediterraneo
947 1358 1038 1391 enim
1054 1367 1148 1403 aquae
1167 1356 1185 1390 ὲ
1196 1354 1314 1403 palude
1329 1356 1492 1388 Maeotidze
1505 1355 1652 1390 influunt
1663 1369 1698 1391 in
1711 1359 1855 1394 Pontum
1866 1363 1969 1396 Euxi-

275 1429 354 1452 num
365 1439 376 1455 ,
402 1415 419 1449 ὲ
430 1416 536 1448 Ponto
548 1414 581 1444 in
596 1411 758 1457 AEgeum,
785 1405 826 1441 ab
840 1407 985 1455 AEgeoin
996 1403 1149 1446 siculum,
1175 1405 1326 1452 usquead
1335 1403 1459 1438 fretum
1469 1406 1684 1445 Herculeum.
1737 1410 1885 1444 Eundem
1895 1423 1970 1445 mo-

278 1478 350 1501 tum
362 1469 399 1499 jn
414 1465 552 1498 oceano
571 1469 730 1494 notarunt
740 1460 957 1493 Recentiores
967 1478 978 1494 ,
999 1467 1040 1490 ex
1054 1466 1125 1502 quo
1138 1457 1293 1501 provenit
1304 1464 1340 1489 ut
1350 1456 1578 1499 navigationes
1591 1455 1889 1503 aseprentrionead
1898 1473 1970 1496 me-

276 1517 392 1551 ridiem
402 1528 430 1548 e.
439 1526 473 1561 g.
484 1524 524 1546 ex
536 1508 684 1558 partibus
701 1509 816 1543 Daniae
828 1511 863 1542 &
874 1504 1063 1541 Hollandiae
1072 1506 1108 1538 in
1123 1503 1317 1552 Hispaniam
1330 1502 1395 1537 fint
1404 1503 1600 1547 velociores,
1627 1505 1729 1553 quam
1738 1510 1969 1556 navigationes

282 1566 300 1600 ὲ
311 1563 445 1599 meridie
455 1563 495 1595 ad
505 1559 763 1607 septentrionem
777 1568 884 1605 e.g.ex
892 1553 1041 1604 partibus
1053 1553 1222 1601 Hispaniae
1231 1552 1485 1592 ini—lollandiam
1494 1556 1685 1591 &caniani
1693 1557 1899 1594 Utreddatur
1909 1572 1969 1595 ve.

280 1613 318 1649 τὸ
335 1615 420 1648 ratio
434 1609 506 1646 talis
520 1619 643 1645 motus.

375 1660 572 1696 Notandum
581 1659 686 1699 venit,
701 1666 802 1702 aquas
812 1655 848 1689 δε
857 1664 973 1688 omnes
983 1651 1140 1688 humores
1152 1651 1181 1686 se
1191 1649 1321 1688 librare.
1371 1653 1519 1690 Libratio
1531 1654 1635 1701 porro
1644 1654 1790 1690 consistit
1802 1658 1836 1692 in
1847 1657 1925 1698 hoc,
1932 1670 1972 1695 ut

279 1709 456 1747 secundum
473 1710 653 1754 supremam
673 1703 876 1751 superficiem
894 1701 955 1736 sint
973 1702 1067 1749 aeque
1083 1702 1175 1739 alrae,
1195 1700 1249 1736 seu
1265 1703 1358 1750 :eque
1377 1704 1532 1738 distantes
1552 1705 1571 1738 ὲ
1590 1717 1727 1744 centro,
1752 1706 1843 1745 ideo,
1867 1706 1890 1741 fi
1902 1720 1970 1743 una
2023 1698 2028 1701 ’

284 1774 357 1809 pars
368 1760 458 1805 super
468 1758 651 1801 ficieiaquae
662 1753 809 1788 elevetur
822 1753 913 1798 supra
927 1751 1022 1785 aliam
1036 1774 1046 1789 ,
1074 1751 1180 1785 statim
1198 1763 1284 1798 aqua
1296 1751 1460 1788 descendit
1471 1756 1504 1787 in
1515 1763 1641 1799 partem
1653 1754 1886 1799 depressiorem
1896 1780 1906 1796 ‚
1931 1762 1970 1793 δι

283 1820 437 1844 {novetur
448 1804 738 1841 morulibrationis
749 1814 807 1835 nec
817 1813 965 1847 unquam
982 1812 1087 1846 partes
1100 1813 1190 1847 aquae
1204 1799 1398 1847 quiescunt,
1421 1803 1527 1837 donec
1537 1801 1701 1838 librentur
1715 1828 1726 1846 ,
1749 1804 1796 1839 ita
1805 1816 1970 1842 utomnes

279 1870 386 1908 partes
397 1855 582 1904 superficiei
596 1853 688 1898 aeque
706 1851 827 1884 distent
841 1850 996 1884 accurro.
1046 1851 1120 1883 Hoc
1134 1861 1328 1894 praenoraro.

374 1905 512 1953 Triplex
525 1905 608 1937 tatio
619 1900 729 1935 afferri
739 1900 834 1944 hujus
848 1896 957 1932 motus
971 1898 1088 1944 potest.
1141 1898 1252 1932 Primo
1266 1923 1275 1938 ‚
1298 1902 1376 1947 quia
1384 1911 1470 1934 terra
1481 1899 1624 1936 Borealis
1636 1899 1737 1935 altior
1745 1901 1897 1938 censetur
1905 1902 1972 1941 esse

279 1957 430 1994 australi,
454 1955 597 2000 ideoque
615 1947 790 1984 necessario
802 1947 842 1981 ab
851 1959 887 1981 ea
897 1959 997 1992 aquas
1015 1946 1119 1980 dilabi
1132 1948 1171 1981 in
1183 1959 1258 1981 cava
1280 1952 1313 1983 ὅ(
1324 1948 1554 1995 profundiora.
1607 1950 1849 1999 Secundo.quia
1859 1955 1972 1990 versus

279 2007 545 2051 Septentrionem
558 2001 692 2034 maximi
709 2010 798 2032 mare
808 1995 951 2031 subeunt
961 1995 1076 2034 fluvii,
1102 2006 1138 2030 ut
1150 1997 1333 2032 Meoditem
1343 2021 1354 2037 ,
1381 1999 1506 2034 Tanais
1516 2022 1526 2035 2
1554 2000 1698 2034 Pontum
1711 2002 1890 2041 Euxinum,
1902 2005 1973 2038 Da-

280 2055 413 2091 nubius,
462 2049 580 2087 Tertio
593 2073 603 2088 ,
626 2050 706 2097 quia
716 2046 773 2081 Sol
784 2045 878 2080 valde
887 2047 1056 2080 imminuit
1067 2047 1168 2080 maria
1178 2047 1408 2081 meridionalia
1419 2060 1476 2095 per
1493 2048 1815 2084 vehementissimum
1825 2051 1972 2089 calorem

277 2105 452 2138 extrahens
461 2105 630 2148 ingentem
642 2100 708 2132 vim
718 2108 879 2143 vaporum
888 2096 972 2128 circa
980 2096 1108 2128 Zonam
1118 2096 1307 2134 tortridarn,
1316 2097 1355 2130 ad
1366 2095 1621 2143 septentrionem
1637 2099 1715 2133 vero
1726 2099 1842 2145 parum
1855 2103 1971 2136 immi-

277 2156 350 2188 nuit
359 2164 478 2199 aquam
489 2160 623 2197 propter
633 2146 750 2183 caloris
760 2144 1058 2192 debilitatem‚ergo
1068 2154 1105 2178 ut
1116 2156 1206 2191 aquae
1225 2144 1390 2180 librentur
1401 2170 1410 2185 .
1428 2150 1464 2180 ἃ.
1475 2159 1541 2180 non
1554 2149 1654 2181 nimis
1661 2150 1806 2182 crescant
1815 2151 1849 2183 in
1859 2150 1975 2186 altitu-

278 2204 356 2237 dine
372 2204 407 2235 in
433 2198 581 2233 maribus
603 2193 926 2242 septentrionalibus,
944 2193 1001 2227 ubi
1015 2191 1157 2227 multum
1172 2205 1335 2240 augentur
1355 2195 1598 2234 afluminibus.
1626 2197 1744 2242 parum
1773 2200 1971 2235 minuuntur

278 2252 295 2286 ὲ
307 2250 382 2285 Sole
394 2273 404 2289 ,
429 2245 605 2282 necesleest
615 2269 626 2283 ,
641 2256 679 2279 ut
689 2244 856 2281 defluant,
885 2240 994 2277 versus
1006 2242 1198 2281 meridiem,
1213 2255 1250 2278 ut
1261 2242 1432 2291 suppleant
1442 2243 1612 2279 defectum
1627 2258 1789 2292 aquarum
1802 2248 1971 2284 causarum

280 2304 316 2336 in
328 2297 473 2334 maribus
483 2292 758 2329 meridionalibus
770 2305 809 2327 ex
826 2291 1011 2326 elevatione
1020 2303 1199 2337 vaporum.

373 2346 522 2383 Observa
535 2356 643 2378 tamen
656 2343 743 2377 hunc
754 2353 884 2376 motum
896 2341 1095 2388 explicatum
1107 2343 1141 2375 in
1152 2340 1231 2375 locis
1243 2341 1336 2376 valde
1347 2340 1420 2377 laris
1433 2365 1442 2381 ,
1465 2340 1529 2377 esse
1543 2343 1674 2378 tardum
1684 2367 1694 2382 ,
1720 2356 1756 2378 ut
1766 2357 1858 2380 norat
1871 2347 1972 2385 Arist.

276 2397 406 2446 acpene
424 2392 666 2432 insensibilem,
693 2394 730 2426 in
751 2390 896 2439 angustis
919 2388 1068 2426 veroeffe
1084 2390 1176 2425 valde
1187 2391 1333 2425 velocem
1346 2416 1357 2432 ‚
1384 2396 1421 2427 &
1433 2391 1625 2428 sensibilem.
1680 2396 1859 2430 Rationem
1875 2394 1971 2431 affert

278 2448 366 2483 idem
389 2444 608 2490 Philosophus
620 2463 631 2480 ,
647 2458 650 2459 ⁷
667 2443 746 2487 quia
765 2453 802 2475 ur
817 2440 1026 2475 conservetur
1042 2439 1175 2474 libratio
1196 2453 1375 2488 aquarum,
1402 2440 1525 2476 necesse
1537 2443 1581 2476 est
1595 2466 1604 2479 ‚
1635 2453 1673 2476 ut
1690 2444 1807 2477 eodem
1820 2456 1971 2491 tempore

278 2497 474 2532 tantundem
486 2505 576 2540 aquae
588 2491 774 2540 egrediatur
786 2502 825 2524 ex
835 2492 917 2524 mari
929 2490 1070 2536 angusto
1081 2512 1091 2527 ,
1116 2501 1280 2537 quantum
1298 2502 1337 2524 ex
1348 2490 1414 2524 lato
1424 2514 1434 2528 ‚
1458 2490 1653 2538 alioquinin
1667 2491 1815 2526 maribus
1823 2495 1969 2540 angustis

277 2558 362 2594 aqua
372 2543 581 2579 excresceret.
636 2542 678 2573 Ur
689 2538 766 2574 vero
779 2538 844 2573 una
859 2537 938 2573 horti
954 2537 1084 2572 tantum
1105 2551 1197 2586 aquae
1209 2541 1393 2586 egrediatur
1404 2552 1460 2587 per
1471 2540 1600 2575 alveum
1615 2553 1715 2576 centu
1725 2542 1776 2575 ³10
1787 2546 1942 2584 majorem
1958 2566 1972 2584 ,

277 2594 438 2643 quantum
451 2591 635 2638 egrediatur
646 2601 701 2635 per
710 2588 839 2622 alveum
861 2586 1016 2634 centuplo
1029 2590 1193 2622 minorem
1215 2589 1311 2623 deber
1319 2601 1406 2634 aqua
1417 2590 1575 2636 centuplo
1587 2577 1732 2625 velociu}
1743 2594 1867 2626 moveri
1880 2595 1912 2625 in
1925 2591 1973 2627 al-

278 2658 339 2679 veo
348 2641 505 2688 centuplo
515 2641 651 2683 minori;
662 2638 748 2672 unde
760 2633 882 2672 necesse
890 2636 946 2674 est,
956 2648 992 2671 ut
1002 2649 1093 2684 aquae
1101 2638 1181 2672 dum
1192 2638 1343 2673 des-'luunt
1353 2650 1409 2684 per
1428 2642 1529 2673 maria
1538 2639 1817 2680 summoveantur
1826 2640 1971 2677 rardiffi-

278 2696 332 2728 me
344 2697 378 2729 δε
392 2685 714 2728 insensibiliter,ch
729 2685 806 2722 veto
816 2684 974 2720 diffluunt
983 2698 1039 2733 per
1051 2688 1150 2734 maria
1165 2688 1301 2737 angusta
1312 2711 1323 2727 ,
1347 2701 1501 2723 movetur
1513 2688 1669 2723 velociter
1681 2714 1691 2728 ,
1721 2694 1757 2724 &
1768 2688 1973 2730 senfibiiiter.

374 2738 555 2777 Conclusio
565 2748 694 2785 quarta.
746 2738 878 2770 Tertius
889 2747 998 2770 motus
1013 2739 1111 2772 maris
1120 2736 1164 2771 est
1174 2737 1230 2773 ille
1241 2762 1252 2777 ,
1277 2749 1380 2786 quern
1401 2737 1511 2772 aestum
1525 2737 1643 2773 usitata
1656 2733 1895 2785 significatione
1915 2752 1976 2786 ap,

278 2791 452 2838 pellamus.
505 2790 618 2823 Notus
628 2787 681 2822 hic
694 2787 837 2820 marinus
852 2783 1000 2819 consistit
1013 2788 1047 2820 in
1059 2799 1118 2824 eo,
1144 2787 1237 2834 quod
1246 2800 1335 2822 mare
1349 2790 1411 2832 jam
1422 2789 1459 2820 ad
1470 2787 1561 2821 littus
1577 2790 1725 2828 accedat,
1756 2800 1833 2822 mox
1847 2791 1971 2826 iterum

278 2842 418 2878 recedat,
469 2840 550 2873 Non
561 2838 605 2871 est
615 2848 727 2871 autem
741 2848 814 2870 roto
826 2838 908 2871 mari
920 2834 1071 2884 aequalis,
1111 2847 1187 2872 nam
1206 2839 1242 2872 in
1253 2837 1453 2885 quibusdam
1463 2836 1623 2872 traetibus
1636 2850 1692 2872 aut
1705 2836 1815 2874 nullus
1825 2850 1881 2871 aut
1895 2851 1972 2881 per..

279 2892 419 2938 exiguus
432 2888 563 2935 existit3
589 2886 631 2921 fic
644 2888 772 2921 Maeotis
783 2887 960 2932 Propontis
972 2913 984 2932 ‚
1012 2886 1182 2925 Euxinus,
1209 2898 1298 2922 mate
1323 2885 1482 2931 Caspium
1503 2891 1538 2922 &
1553 2889 1693 2934 ‹Egeum
1711 2885 1805 2921 nullo
1824 2886 1970 2926 sensibili

276 2939 354 2976 :estu
364 2940 623 2981 reciprocantur⁴
679 2936 960 2971 Mediterraneum
971 2934 1171 2971 verototum
1185 2935 1325 2971 notabili
1339 2937 1532 2976 caoeraestu,
1561 2939 1735 2981 praeiertim
1762 2938 1799 2970 in
1821 2949 1879 2971 ora
1890 2939 1973 2975 Gal-

278 2987 341 3022 lica
351 3013 362 3031 ,
377 2984 491 3020 Italica
505 2989 537 3020 &
550 2985 789 3032 Hispanica.1n
800 2983 866 3018 fine
879 2985 1037 3019 Adriatici
1048 2995 1156 3018 tamen
1166 2988 1425 3033 propeVenetias
1437 2986 1484 3021 est
1496 2985 1652 3022 notabilis
1662 2985 1926 3027 intumescentia,
1938 2991 1975 3025 in

278 3035 430 3083 opposita
442 3033 521 3089 voro
536 3046 633 3079 parte,
688 3036 846 3070 Adriatici
863 3046 931 3067 non
941 3032 1114 3080 respondet
1130 3034 1225 3070 aestus
1241 3034 1388 3084 aqualis,
1438 3038 1531 3072 Mare
1540 3036 1721 3072 Balthicum
1735 3057 1746 3073 ‚
1776 3038 1832 3071 cui
1843 3035 1871 3071 se
1890 3039 1979 3075 inter·

278 3087 423 3122 Damam
433 3107 443 3126 ,
467 3086 501 3118 &
515 3084 733 3130 Nottvegiarn
744 3082 896 3120 infundit
906 3085 1059 3120 Oceanus
1069 3107 1082 3128 ‚
1109 3083 1238 3121 nullum
1248 3088 1371 3133 patitur
1382 3085 1508 3127 aestum,
1542 3089 1578 3120 Iu
1588 3088 1724 3120 Oceano
1739 3085 1820 3121 vero
1830 3090 1868 3121 ad
1878 3087 1972 3124 litto-

1939 3149 1976 3172 ta
