2060 3444
297 111 330 145 '6
916 94 1289 164 Meteorologia

305 193 463 225 vaporum
474 181 632 227 polleant,
681 181 770 215 Hinc
784 191 859 215 nata
872 180 1057 226 Astrologia
1072 179 1125 215 illa
1138 179 1309 218 naturalis,
1317 190 1386 227 quae
1397 178 1629 226 experimentis
1640 181 1673 214 &
1683 177 1969 215 observationibus

306 233 383 264 nixa
397 231 487 271 iuxta
501 234 597 266 Lunae
609 254 619 269 ,
635 229 776 263 aliorum
786 230 993 264 Planetarum
1007 237 1132 270 motus,
1149 230 1260 277 phales
1272 231 1305 263 &
1315 229 1529 273 pbanomena
1540 253 1550 269 ‚
1565 230 1720 274 temporis
1737 229 1967 264 alterationem

306 279 504 324 praenoscere
513 283 606 315 docet
624 303 633 320 ‚
659 277 763 326 eac‘Jue
775 279 850 314 licet
864 291 932 313 non
947 278 985 314 fit
996 280 1119 326 semper
1130 290 1216 313 certa
1232 282 1265 313 ὃ(
1284 276 1487 319 infallibilis,
1503 290 1573 312 non
1590 289 1702 312 tamen
1718 280 1818 314 etiarn
1839 279 1967 326 semper

294 340 376 364 vana
386 330 448 365 dici
462 330 577 377 potest.

404 378 581 426 Suppofito
591 375 657 423 jam
672 382 830 427 tanquam
840 390 931 412 certo
941 406 953 424 ‚
965 376 1062 425 'quod
1074 390 1140 411 non
1154 372 1258 409 solum
1268 374 1284 408 a
1293 372 1510 410 subterraneis
1522 374 1655 423 ignibus
1673 387 1809 421 vapores
1818 379 1964 411 exciten-

304 437 376 467 tur,
397 427 447 462 sed
459 428 516 462 &a
531 427 605 462 Sole
616 426 740 463 sursum
754 427 948 462 attollantur
962 437 974 472 3
997 426 1137 461 dubium
1151 427 1257 459 oritur
1267 448 1277 464 ,
1299 436 1340 458 an
1353 424 1415 458 hoc
1425 425 1551 471 praestet
1568 437 1624 471 per
1636 427 1792 459 virtutem
1803 429 1964 473 magneti-

303 483 373 510 cam
386 501 396 515 ‚
417 476 466 511 vel
480 489 537 523 per
546 477 687 512 calorem
698 481 733 511 in
744 476 883 511 sublime
894 475 1009 511 efferat
1021 478 1212 509 interventu
1227 472 1369 506 levitatis
1381 496 1390 511 ‚
1411 474 1629 521 quaecalorem
1640 476 1745 520 iplum
1756 477 1791 508 δε
1801 479 1965 509 raritatem

301 525 514 571 consequitur
529 536 541 570 3
571 526 620 560 vel
629 526 761 561 demum
773 538 827 571 per
837 523 1057 560 exttufionem
1070 525 1212 558 elevatio
1221 522 1285 556 haec
1295 524 1486 569 contingat,
1505 521 1579 557 sunt
1588 525 1677 558 enirn
1686 547 1696 563 ,
1708 526 1766 570 qui
1779 523 1966 559 existimant

301 587 437 621 vapores
449 578 482 609 δι
493 575 717 610 exhalationes
730 575 994 622 haudquaquam
1007 577 1040 607 in
1053 573 1085 607 ie
1096 575 1238 619 recipere
1250 570 1417 606 levitatem
1430 596 1440 611 ,
1454 574 1544 616 cujus
1567 571 1710 620 impulsu
1730 574 1765 606 in
1786 572 1890 607 altum
1914 573 1967 608 fe-

301 632 438 668 rant'ur3
459 621 511 658 sed
527 623 986 663 rrudiextriniecusacalore,
1007 635 1107 670 quern
1122 622 1178 656 Sol
1194 623 1229 655 in
1248 621 1307 655 hac
1323 620 1439 655 infima
1451 623 1586 669 regione
1599 620 1882 669 reciprocantibus
1890 624 1923 657 in
1935 624 1966 657 se

300 673 397 706 radiis
409 677 629 720 congeminati
678 670 767 708 Huic
776 670 1004 707 controverfiae
1015 670 1270 716 utteipoudeatn
1282 692 1292 708 ,
1312 669 1352 703 fit

395 721 574 756 Conclufio
586 724 740 760 secunda:
769 720 975 756 Probabilius
991 719 1054 754 effe
1063 721 1212 758 videtur,
1232 719 1340 753 Solem
1364 724 1436 753 non
1455 719 1618 754 attrahere
1631 717 1759 754 [ursum
1779 719 1900 754 halitus
1911 732 1968 767 per

300 771 459 804 virtutem
470 775 688 819 magneticam
697 795 707 811 ‚
721 771 774 805 sed
790 772 954 818 producito
963 770 1069 804 calore
1081 770 1218 817 produci
1228 768 1395 803 levitatem
1406 771 1441 802 in
1455 780 1574 815 vapore
1586 792 1596 807 ‚
1614 780 1778 815 perquam
1787 782 1887 816 vapor
1897 768 1966 804 sur-

299 819 368 852 sum
381 819 551 855 extollitur
563 820 822 856 connaturaliter
832 825 866 856 &
877 828 944 854 non
956 820 1101 853 viotente
1111 831 1166 865 per
1177 815 1410 854 extru'fionem.
1460 819 1562 853 Ratio
1583 820 1681 864 primi
1699 818 1744 852 est
1756 841 1766 856 ‚
1783 823 1863 865 quia
1881 817 1902 852 si
1913 831 1969 852 ex-

300 868 482 903 halationes
494 870 540 903 bae
550 868 674 904 surium
684 868 892 904 ascenderent
902 881 957 916 per
970 867 1141 902 effluviutn
1154 871 1187 902 ὃ(
1199 868 1400 901 affivi'tatem
1409 867 1493 901 Solis
1502 869 1717 914 magneticam
1728 891 1737 905 ‚
1755 879 1812 914 per
1826 869 1967 902 eandem

299 921 666 963 quoque‘retinerentur
676 943 686 959 ,
703 919 745 953 ne
757 919 873 953 deinde
883 916 1031 952 resolurae
1042 920 1076 951 in
1088 915 1209 951 imbres
1218 915 1325 950 rursus
1337 918 1371 950 in
1383 927 1500 950 terram
1511 916 1753 950 descenderent.
1788 919 1886 960 *Quin
1897 917 1968 951 imo

298 978 435 1012 vapores
454 968 487 1001 hi
506 970 548 1002 ita
560 968 967 1003 attracstiultraiecundam
979 968 1151 1013 regionem
1176 967 1258 1000 aeris
1269 964 1671 1013 eveherenturneceffario
1684 989 1694 1005 ,
1713 965 1788 1000 cum
1808 967 1827 1000 ὲ
1845 969 1970 1001 virtute

298 1016 383 1049 Solis
397 1020 580 1065 magnetica
591 1019 711 1052 attrahi
721 1019 886 1051 deberent.
940 1019 1041 1051 Ratio
1051 1015 1183 1050 secundi
1195 1015 1240 1049 est
1250 1037 1260 1053 ‚
1273 1017 1356 1062 ‘quia
1365 1014 1454 1049 calor
1469 1023 1540 1049 'non
1559 1014 1604 1049 est
1616 1027 1673 1062 per
1692 1014 1806 1049 seloco
1817 1027 1966 1054 movens.

300 1066 431 1099 Deinde
442 1089 451 1103 ‚
468 1067 542 1101 cum
557 1068 700 1114 ptaedieki
712 1065 907 1101 halit‘us‘sint
918 1075 1031 1100 tenues
1042 1064 1199 1102 &calidi,
1217 1071 1282 1112 q'ua
1304 1076 1343 1098 ex
1357 1063 1613 1111 complicatione
1629 1063 1746 1100 levitas
1758 1066 1891 1107 oritur,
1910 1076 1969 1100 cut

298 1126 367 1148 non
381 1114 522 1150 habeant
537 1116 708 1151 levitatem
722 1115 780 1150 fibi
790 1116 1006 1150 inhaerentem
1019 1138 1028 1153 ,
1042 1118 1131 1159 cujus
1142 1116 1174 1148 vi
1186 1113 1310 1148 sursum
1328 1112 1542 1150 commeent?

394 1177 578 1214 ‘Conclufio
588 1182 696 1217 tertia.
750 1179 945 1225 Antiperista
953 1178 990 1212 fis
1003 1186 1137 1225 quoque
1147 1178 1188 1212 'ad
1199 1176 1382 1212 vmultorum
1394 1178 1623 1210 Meteorotum
1633 1179 1881 1223 generationem
1892 1192 1971 1215 con-

297 1230 410 1264 currit.
460 1230 561 1263 Ratio
572 1229 617 1263 est
629 1252 638 1267 ‚
657 1230 733 1277 quia
747 1229 875 1262 constat
890 1228 1110 1274 experientia,
1125 1231 1159 1274 in
1170 1227 1282 1261 multis
1294 1230 1388 1260 rebus
1398 1227 1524 1260 intendi
1535 1224 1640 1273 frigus
1653 1231 1687 1261 &
1700 1227 1843 1263 calorem
1854 1228 1971 1264 ablen.

298 1280 321 1310 ti
332 1279 423 1311 omni
442 1277 507 1312 alio
516 1290 631 1325 agente
644 1280 901 1325 proportionato
910 1279 949 1311 ad
960 1278 1039 1311 tales
1058 1277 1233 1324 qualitates
1245 1274 1463 1310 intendendas
1479 1274 1587 1308 solum
1607 1288 1646 1308 ex
1663 1290 1720 1315 eo.
1739 1278 1971 1324 quodiambiat

296 1325 368 1360 illas
380 1339 478 1371 agens
488 1330 692 1362 contrarium
707 1331 740 1361 δι
752 1339 867 1374 potens
880 1328 1044 1361 destruere
1054 1327 1124 1361 illas
1134 1349 1143 1365 ,
1159 1324 1203 1360 'fic
1213 1332 1247 1360 in
1261 1325 1377 1370 hyeme
1388 1331 1504 1358 manus
1515 1324 1607 1358 valde
1618 1323 1744 1373 frigidae
1752 1326 1884 1362 'nivibus
1897 1327 1972 1362 lotae

297 1375 522 1421 incaleicunt3
553 1376 738 1411 stomacbus
750 1375 943 1410 animalium
953 1374 1125 1422 frigidiore
1142 1374 1332 1421 tempestate
1341 1373 1387 1406 est
1402 1372 1556 1412 calidior,
1579 1378 1614 1408 δε
1628 1386 1710 1422 aqua
1723 1374 1865 1412 fontana
1885 1382 1971 1424 tepi-

296 1426 369 1457 dior
383 1425 510 1470 hyemis
521 1426 620 1471 quam
632 1426 750 1459 aestatis
761 1424 1108 1473 ternporeobsetvatur
1121 1448 1130 1464 ,
1149 1423 1242 1458 'nulla
1255 1422 1318 1456 alia
1326 1424 1365 1455 de
1375 1421 1467 1456 causa
1480 1445 1489 1460 ⁵
1504 1423 1610 1469 ‘quam
1622 1424 1713 1471 quod
1726 1424 1743 1457 ἃ
1755 1428 1924 1460 contrario
1937 1438 1972 1459 a-

290 1481 392 1521 gente
407 1473 497 1519 quafi
511 1474 733 1508 obsideantur.
783 1473 880 1508 'Hanc
891 1486 1001 1507 autem
1016 1475 1180 1508 actionem
1195 1496 1205 1511 ‚
1232 1471 1403 1520 qusaa'gens
1413 1472 1646 1506 circumfistens
1657 1475 1801 1509 intendit
1811 1477 1973 1509 contrati-

295 1535 346 1556 am
358 1522 882 1569 qualitatem'vocantPhilosophi
895 1522 1146 1569 Antiperistafin
1170 1519 1552 1561 seucircumseffionem,
1567 1521 1651 1571 ¹erg&
1670 1523 1911 1572 Antiperistafis
1928 1524 1970 1558 ad

293 1572 479 1606 ‘multotum
493 1577 721 1608 Meteororum
736 1575 981 1619 generationem
993 1575 1170 1608 concurrit.

394 1623 484 1655 Nota
496 1623 592 1659 vero:
618 1621 864 1668 Antiperistafin
882 1621 1085 1668 potiffimum
1099 1622 1209 1655 'notari
1230 1622 1264 1654 in
1281 1626 1460 1667 augmento
1473 1622 1592 1655 caloris
1610 1618 1644 1657 ’δε
1656 1616 1808 1670 frigoris,
1826 1621 1971 1670 ‘fierique

294 1668 355 1703 hac
365 1673 515 1708 ratione}
546 1673 635 1705 Dum
652 1669 755 1718 frigus
765 1671 954 1706 circumstat
963 1682 1083 1717 corpus
1093 1670 1229 1717 aliquod
1241 1669 1384 1704 calidum
1396 1682 1408 1715 3
1435 1681 1540 1715 partes
1550 1670 1611 1705 illae
1624 1675 1788 1706 tenuiores
1797 1695 1806 1710 ‚
1828 1685 1864 1707 ac
1876 1672 1972 1719 spiri-

298 1717 373 1752 tosae
383 1717 552 1767 'fugientes
562 1725 763 1754 contrarium
779 1719 869 1754 intro
880 1718 909 1753 se
919 1721 1087 1766 'recipiunt
1101 1743 1111 1758 ,
1133 1724 1166 1755 δε
1182 1721 1281 1754 unitae
1300 1717 1396 1752 'fimul
1413 1720 1516 1765 magis
1539 1719 1758 1766 incalescunt3
1782 1719 1971 1769 auge'ntque

293 1767 435 1802 calorem
448 1781 541 1803 antea
553 1769 822 1815 praeexistentem.
875 1770 964 1802 Dum
975 1769 1052 1802 vero
1063 1769 1150 1802 calor
1161 1769 1347 1803 circumstat
1363 1766 1520 1814 frigidum
1538 1781 1668 1815 corpus,
1688 1771 1751 1805 hoc
1765 1769 1930 1805 obsessum
1951 1771 1970 1805 a

295 1817 402 1850 calore
413 1819 546 1852 rarescit
555 1841 565 1856 ,
583 1817 616 1853 &
631 1820 701 1864 pori
715 1821 817 1865 magis
828 1818 1008 1852 dilatantur
1023 1841 1033 1854 ,
1057 1830 1163 1863 partes
1173 1817 1251 1853 vero
1262 1820 1428 1852 tenuiores
1438 1828 1473 1850 ac
1485 1815 1639 1863 spiritosae
1648 1819 1768 1865 magnai
1783 1833 1821 1853 ex
1833 1832 1922 1865 parte
1930 1833 1967 1854 e-

296 1865 411 1900 volant
425 1890 434 1904 ,
459 1871 493 1901 δ(
505 1868 543 1900 ad
556 1872 698 1901 amicum
710 1866 852 1901 calorem
862 1866 1037 1900 confluunt
1050 1875 1062 1914 3
1090 1879 1162 1914 quae
1175 1866 1253 1901 vero
1266 1870 1356 1900 intus
1368 1877 1504 1899 manent
1514 1891 1522 1904 ‚
1537 1868 1705 1902 rarescunt
1716 1872 1818 1917 magis
1834 1870 1971 1911 ,διεκί-

292 1922 391 1962 'guam
402 1916 467 1950 vim
481 1915 692 1951 calefaciendi
703 1918 848 1950 retinent
859 1940 868 1957 ,
891 1919 925 1950 δέ
935 1914 979 1949 ob
988 1916 1019 1949 id
1031 1928 1150 1963 corpus
1159 1926 1253 1950 antea
1262 1914 1423 1963 frigidum
1433 1918 1536 1963 magis
1549 1917 1772 1964 infrigidatur.

579 2015 1142 2120 'CONCLVSIO
1198 2014 1673 2093 POLITlCA.

869 2122 935 2188 A
967 2119 1144 2192 DEO
1175 2126 1396 2188 omnia.

391 2254 458 2287 Ene
472 2250 575 2290 solum
589 2254 699 2288 Deum
717 2264 949 2300 nuncupavere
962 2255 1126 2301 AEgypffl,
1143 2264 1179 2287 ut
1189 2266 1277 2288 enirn
1288 2253 1426 2302 reliquis
1444 2255 1578 2302 quidem
1590 2252 1644 2288 Sol
1655 2252 1754 2288 causis
1764 2251 1889 2299 praestat
1899 2252 1974 2287 coelr

291 2257 612 2357 Bphcenomena
623 2303 839 2348 producendo
855 2305 899 2338 ita
911 2304 977 2350 plus
990 2302 1126 2337 omnihus
1138 2315 1215 2337 unus
1233 2306 1263 2337 D
1275 2306 1298 2338 Ε
1309 2307 1338 2338 U
1350 2306 1369 2339 S
1388 2307 1496 2339 omnis
1506 2304 1587 2338 boni
1600 2304 1730 2338 Author
1740 2304 1797 2340 est,
1825 2313 1922 2348 atque
1933 2315 1973 2337 o·

391 2364 475 2399 rigo.
528 2353 615 2385 Huic
630 2363 683 2385 tua
696 2354 808 2385 omnia
821 2355 855 2386 in
864 2355 1004 2398 acceptis
1015 2352 1099 2386 teser
1110 2375 1120 2390 ,
1130 2365 1206 2399 quta
1217 2352 1301 2386 nihil
1313 2353 1377 2387 {ine
1389 2355 1547 2397 Numine·
1602 2352 1709 2399 Alpha
1721 2351 1831 2388 illust
1843 2374 1852 2388 ,
1871 2354 1905 2385 &
1919 2353 1972 2386 0-

288 2405 405 2448 mega:
433 2402 635 2447 principium
646 2404 679 2435 &
692 2400 775 2435 finis.
826 2403 949 2436 Critias
960 2405 995 2436 δε
1009 2403 1181 2446 Euripides
1192 2424 1202 2440 ,
1227 2401 1302 2436 licet
1323 2405 1352 2437 D
1364 2405 1387 2437 Ε
1398 2406 1427 2437 U
1440 2406 1475 2437 M
1499 2401 1675 2449 negarint3
1701 2400 1907 2434 utilissimum
1922 2411 1972 2434 ta-

290 2463 366 2485 men
377 2449 570 2484 mortalibus
581 2450 791 2484 mendacium
802 2451 1014 2486 crediderunt
1026 2475 1036 2489 ‚
1062 2451 1093 2484 D
1103 2451 1126 2484 Ε
1140 2452 1168 2484 [Ι
1180 2453 1216 2484 Μ
1227 2463 1339 2485 verum
1350 2454 1502 2486 omnium
1514 2450 1641 2486 fontem
1658 2451 1801 2487 credere,
1820 2452 1900 2484 &in
1910 2450 1973 2483 hoc

290 2511 379 2534 mare
387 2499 575 2537 refundere.
622 2500 750 2533 'Omnia
761 2510 797 2533 ut
809 2499 875 2534 sine
888 2502 918 2534 D
931 2502 953 2534 E
964 2502 997 2534 O
1008 2498 1070 2534 esse
1081 2512 1149 2533 non
1164 2511 1313 2546 poterant
1326 2528 1338 2543 ‚
1363 2504 1406 2535 ita
1415 2501 1533 2536 servari
1545 2513 1612 2535 non
1626 2499 1761 2546 possunt
1775 2497 1839 2532 fine
1851 2499 1976 2532 Numi-

292 2561 347 2584 ne.
397 2547 555 2596 Angelicai
567 2546 882 2594 peoeamuslibidine
894 2575 906 2593 ‚
933 2548 953 2582 fi
965 2548 1062 2583 nobis
1071 2548 1291 2584 adscribamus
1303 2549 1443 2597 aliquid,
1471 2552 1503 2584 D
1513 2552 1537 2584 E
1551 2552 1584 2584 O
1598 2562 1666 2584 non
1680 2551 1806 2585 omnia.
1829 2549 1972 2592 'Optima

293 2597 410 2632 relatio
427 2596 564 2631 habetur
575 2598 614 2630 ad
625 2598 655 2630 D
664 2599 688 2630 E
703 2599 732 2631 U
743 2600 778 2631 M
791 2600 840 2631 Sic
849 2597 956 2632 bonum
966 2601 1090 2632 initium
1102 2625 1112 2642 ‚
1123 2599 1228 2633 melius
1237 2600 1382 2639 medium,
1402 2601 1530 2645 optimus
1535 2600 1607 2644 finis
1616 2599 1803 2643 consequitur
1811 2620 1824 2644 ⁴⁷
1844 2598 1901 2631 ait.
1910 2599 1971 2630 Ac-

293 2646 427 2682 curfius.
475 2646 550 2679 Sine
562 2649 692 2680 recnrlu
701 2645 740 2680 ad
753 2648 784 2680 D
795 2649 818 2681 Ε
830 2649 859 2681 U
871 2651 906 2681 Μ
917 2660 984 2682 non
996 2647 1224 2682 curtuntbene
1235 2647 1372 2694 publicae
1380 2650 1548 2693 actiones3
1573 2647 1730 2682 Politicus
1743 2647 1821 2680 stare
1830 2656 1898 2679 non
1914 2657 1972 2691 po-

294 2695 352 2729 test
369 2719 378 2734 ‚
404 2696 461 2741 qui
477 2692 551 2729 sein
564 2696 595 2728 D
607 2696 631 2728 Ε
642 2696 674 2729 O
693 2708 762 2728 non
774 2694 906 2733 fundat.
958 2697 1058 2730 Nihil
1070 2698 1157 2744 agit,
1182 2696 1207 2731 'fi
1225 2696 1292 2731 fine
1308 2699 1366 2732 DE
1378 2699 1490 2745 Oagit
1509 2700 1634 2734 omnia.
1683 2696 1762 2742 Cum
1773 2696 1841 2729 Diis
1850 2707 1972 2730 movere

107 2733 275 2777 swhffserm.
290 2744 407 2788 hastam
414 2746 558 2790 fhpientes
567 2747 666 2778 Duces
674 2754 856 2793 oportet‚non
863 2756 965 2779 autem
971 2756 1074 2792 praeter
1088 2746 1163 2784 illos,
1176 2747 1328 2781 dotstrina
1337 2747 1385 2781 est
1397 2748 1484 2793 apud
1497 2746 1677 2781 Stobaeum.
1729 2746 1817 2779 Hinc
1829 2743 1971 2785 factum,

164 2794 222 2827 52·
293 2804 329 2826 ut
347 2795 464 2827 Romae
474 2792 591 2836 abejus
602 2794 785 2828 conditore
796 2794 947 2829 Romulo
961 2818 970 2833 ,
997 2798 1146 2840 quamvis
1162 2794 1238 2829 falsa
1249 2790 1411 2843 ‘religione
1422 2819 1432 2834 ,
1452 2807 1530 2830 'cum
1545 2798 1659 2842 primis
1671 2793 1759 2830 urbis
1768 2791 1971 2828 fundamen-

104 2836 173 2868 Ην·
187 2835 207 2869 l·
222 2843 250 2867 ¹·
292 2843 353 2875 etis
366 2841 487 2887 templa
496 2843 571 2885 Jovi
586 2842 717 2881 statori,
726 2855 760 2876 ac
771 2833 941 2878 ‘Perterrio
954 2842 1060 2884 fasta!
1089 2847 1167 2890 quia
1177 2857 1234 2892 per
1241 2846 1361 2890 Jovem
1378 2845 1458 2879 state
1467 2857 1502 2878 ac
1518 2845 1597 2880 ferri
1612 2847 1721 2879 omnia
1731 2844 1870 2876 credidit
1882 2845 1970 2878 anti-

99 2884 219 2918 ‘QAl‘x·
238 2877 276 2913 ab
293 2893 414 2938 quitas.
463 2892 583 2924 Etenim
593 2895 677 2926 Deus
685 2893 830 2931 omnium,
853 2906 914 2939 quae
922 2895 990 2940 (ivit
998 2892 1036 2928 ὠ
1044 2894 1187 2936 existunt,
1204 2897 1384 2940 principium
1392 2893 1429 2930 (ῥ’
1439 2893 1575 2928 medium
1583 2918 1593 2933 ,
1611 2894 1742 2938 &finem
1750 2893 1891 2930 continet,
1907 2904 1970 2939 qua

106 2933 205 2967 Alex.
218 2931 400 2986 l·1·sci11cet
411 2939 450 2983 est
460 2952 564 2973 rerum
573 2942 752 2987 universitas
763 2964 773 2981 ‚
795 2941 880 2976 bene
899 2942 1058 2977 Pindarus
1071 2944 1167 2979 dixit.
1217 2945 1319 2990 Qvod
1330 2956 1400 2978 non
1409 2944 1549 2978 ortumzi
1567 2946 1598 2978 D
1609 2947 1633 2979 Ε
1643 2945 1678 2977 'O
1688 2965 1697 2982 ‚
1714 2952 1892 2976 mortuum
1902 2954 1970 2976 cre-

123 2994 154 3015 '0·
169 2984 221 3017 ²6·
295 2990 391 3023 datur
405 3012 414 3028 ‚
438 2988 477 3021 ad
487 2989 658 3035 egestatem
669 2991 835 3025 deducunt
843 3003 921 3037 opes
933 2990 1000 3024 fine
1012 2993 1044 3025 D
1053 2993 1076 3026 E
1087 2994 1120 3026 O
1132 2991 1275 3032 corrasae‚
1294 2994 1334 3027 ad
1344 2991 1516 3027 inf-amiam
1528 2995 1636 3028 honor
1645 2991 1711 3025 fine
1722 2991 1753 3024 D
1766 2991 1788 3023 Ε
1799 2992 1832 3024 O
1846 3002 1971 3037 partus.

293 3038 337 3072 ad
349 3049 467 3085 magna
483 3039 561 3072 odia
573 3036 640 3074 fine
653 3041 685 3074 D
696 3041 719 3074 E
731 3042 764 3075 O
777 3040 1055 3089 vindicatagloria
1068 3063 1078 3080 ‚
1101 3041 1140 3075 ad
1150 3045 1339 3089 repentinos
1353 3040 1460 3090 lapsus
1474 3041 1542 3078 sine
1552 3044 1645 3078 DEO
1654 3039 1799 3076 obtentae
1809 3042 1971 3079 v1‘6koriae.

1896 3092 1971 3138 Qae
