2060 3444
236 202 241 209 ⁵
257 147 335 207 92
880 126 1258 198 Meteorologia

260 235 314 260 re.
343 233 378 256 ac
389 222 519 261 imperii
531 218 696 268 principio
706 215 747 250 ad
759 214 937 250 ineundam
948 228 1021 249 cum
1033 215 1158 249 Exteris
1176 214 1337 246 unionem
1349 212 1562 246 armorum&
1576 212 1763 246 animorum
1775 214 1949 257 compatai

264 274 325 307 vit.
376 269 681 305 Emmanuelienim
696 265 865 300 Lusitaniae
877 265 1197 306 Regifileonoram3
1222 261 1430 295 Christierno
1442 261 1569 298 Dama,
1596 261 1811 306 Notvvegiae‚
1828 259 1951 294 Sueciae

264 318 439 355 lsabellam
454 330 461 355 ;
490 318 658 352 Ludovico
672 317 847 350 Pannoniae
863 315 1092 361 Bobemiaeque
1104 312 1190 357 Regi
1202 309 1342 344 Mariam
1360 310 1484 343 sorores
1497 308 1564 342 suas
1578 311 1793 343 matrimonio
1805 308 1951 343 colloca·

265 373 329 406 vit·
378 365 583 404 Ferdinando
595 376 704 400 autem
718 366 819 399 Fratri
840 363 986 409 praedicti
1000 365 1157 396 Ludovici
1170 362 1315 393 sororem
1344 361 1369 404 ζ
1383 358 1445 404 qua
1459 357 1619 392 affinitate
1632 360 1699 391 duo
1717 358 1877 405 illiregna
1894 357 1948 391 lu-

265 430 375 454 cratus
384 418 456 461 est)
482 415 673 461 despondit:
702 414 761 449 fibi
780 413 858 449 veto
868 411 1034 447 isabellam
1045 410 1188 446 Lusitani
1202 411 1302 454 Regis
1315 406 1414 442 filiam
1425 409 1608 454 copulavit.
1661 405 1792 449 Quibus
1803 406 1950 444 affinita..

266 479 339 503 tum
359 464 541 501 foederibus
558 465 597 498 ad
611 459 1025 510 tantum-amplitudinisac
1042 462 1195 508 potentia:
1206 461 1333 504 apicem
1345 458 1476 492 everstus
1493 457 1537 490 est
1549 480 1559 495 ‚
1584 467 1619 491 ut
1632 468 1702 490 non
1711 454 1821 490 folum
1835 455 1948 491 subdi-

266 527 319 551 tos
334 519 369 550 in
389 512 502 548 officio
516 515 714 559 continere3
737 513 830 559 quod
850 511 925 545 satis
945 511 1096 545 testatum
1115 509 1242 542 faciunt
1263 505 1379 541 trebtae
1393 508 1432 541 ad
1446 509 1634 553 Hispanos,
1656 504 1788 551 Belgas,
1802 507 1948 541 'Germa-

265 566 396 611 nosque
408 566 663 602 contentiones:
688 562 913 598 verumetiam
922 562 1109 594 vicinorum
1125 557 1267 593 hostium
1286 555 1440 591 barbaros
1451 559 1595 603 impetus
1606 559 1638 590 &
1650 565 1790 589 conatus
1799 557 1948 603 compri-

265 625 368 649 metet
385 636 395 650 ‚
421 611 667 661 frangere-tque,
722 611 821 646 Clara
832 608 1367 653 suntnominishujusargumenta
1379 605 1545 640 Gallicum
1567 609 1600 640 &
1622 604 1796 643 Italicum,
1818 605 1951 641 Hetru-

266 662 359 696 scum
371 665 405 697 &
419 663 619 697 Saxonicum
631 686 641 701 ,
655 663 889 696 vPannonicum
900 662 934 693 &
945 659 1158 693 Bohemicum
1170 682 1181 700 ‚
1202 653 1359 700 Lybicu'm
1371 654 1423 688 seu
1432 656 1662 693 Tunetanum,
1676 657 1710 688 Sc
1722 654 1947 694 Mexicanum‚

266 723 303 746 ac
321 711 515 747 Africanum
527 712 580 746 seu
596 707 775 758 'Algerense
786 707 872 744 bella
888 732 898 747 ‚
923 709 1044 755 quibus
1063 706 1144 741 adeo
1157 705 1318 746 subiectas
1329 703 1385 738 sibi
1397 705 1542 737 reddidit
1557 703 1724 738 universas
1738 705 1950 748 nationes,ut

265 761 488 796 immanisille
507 760 688 796 Chrifiiani
702 760 850 794 nominis
860 758 962 792 hostis
971 769 1129 804 tanquam
1144 756 1280 789 Numen
1303 755 1473 801 quoddam
1500 776 1508 790 ‚
1532 754 1586 788 vel
1609 764 1732 787 naturae
1752 752 1950 805 miraculum

266 809 427 845 Carolum
438 821 643 846 revereretur
654 834 664 850 ‚
686 822 721 844 ac
730 808 942 843 formidaret.
996 809 1043 842 lta
1057 802 1390 851 videlicet‘probatu'm
1404 803 1449 837 est
1461 801 1541 836 illud
1557 804 1744 836 communis
1768 804 1851 844 luris
1863 802 1946 835 esta-

71 844 168 894 53·θῖ
188 844 226 880 d‘
267 870 338 894 tum
352 882 364 898 ‚
393 871 494 906 atque
506 861 668 894 Lastantii
684 859 865 896 sententia:
891 856 973 891 eim,
980 861 1061 890 enim
1071 859 1151 890 inter
1158 867 1212 888 nos
1221 864 1422 900 cognattanem
1433 853 1588 898 quandam
1597 854 1658 898 ipsa
1670 863 1781 885 natura
1791 850 1950 893 constitue-

73 897 170 941 iustff·
184 897 221 932 Ψ
265 913 326 946 rit.
350 908 483 955 adco'que
491 908 607 956 praefidq
616 910 705 949 causa
713 909 842 942 hominos
856 909 1029 949 sotietatem
1047 919 1120 940 cum
1139 905 1310 940 nominabm
1328 905 1453 936 inierint
1471 902 1677 945 &sanxerint
1690 926 1699 940 ,
1719 901 1822 947 foedus
1842 901 1914 933 illua
1928 899 1950 933 ὰ

73 950 151 992 sure·
263 959 469 1004 Princrptosus
490 970 574 993 ortus
589 963 670 993 inter
695 958 831 992 homines
850 958 976 989 ‘initium
999 957 1114 990 violare
1131 979 1141 994 ,
1169 966 1224 989 aut
1241 966 1296 986 non
1313 953 1492 996 confirvare
1513 954 1669 994 summum
1679 952 1771 996 nefas
1778 949 1951 997 putandum

72 996 219 1032 Lastant.
261 1006 314 1053 est.
365 1010 437 1043 Hac
453 1010 672 1056 praeceptione
685 1009 787 1056 probe
797 1005 950 1043 imbutus
967 1007 1077 1053 Scipio
1089 1003 1286 1043 Africanus,
1311 1001 1450 1047 Polybio
1460 1000 1642 1039 referente,
1671 1000 1757 1034 nihil
1768 1004 1812 1035 ita
1825 998 1953 1033 solitice

73 1056 105 1081 c.
121 1054 173 1081 [Ο.
187 1043 224 1077 de
263 1055 412 1095 cumba,
439 1057 499 1092 njfi
520 1071 557 1093 ut
573 1057 713 1093 aliorum
731 1058 894 1093 amicitias
908 1054 965 1089 fibi
983 1056 1176 1092 devinciret.
1253 1053 1338 1086 Nam
1350 1059 1449 1098 'regna
1463 1062 1626 1096 eorumque
1638 1049 1792 1094 custodia.
1818 1058 1953 1083 nontam

74 1095 237 1139 verqcult.
260 1104 552 1146 tucribuffisocrare
564 1109 718 1154 docente]
728 1107 969 1155 propugnaculis,
981 1114 1037 1136 aut
1051 1103 1208 1151 moem‘bus,
1220 1105 1375 1136 armis-am
1381 1098 1564 1141 satellitibus
1577 1099 1672 1142 quam
1682 1102 1852 1129 amicorum
1858 1098 1953 1142 prest-

264 1154 325 1187 dii:
335 1150 515 1195 affirvatur,
565 1155 663 1190 Nosti
677 1153 878 1195 pluviarium
891 1162 1053 1198 aquarum
1065 1176 1076 1192 ‚
1102 1149 1310 1194 autplutium
1328 1148 1479 1180 tenuium
1494 1148 1692 1179 torrentium
1705 1145 1876 1179 confluvio
1888 1146 1955 1195 flu-

261 1210 339 1233 men
351 1199 584 1238 intumescere,
613 1200 704 1244 quod
717 1197 917 1233 transvadari
931 1212 999 1233 non
1012 1203 1129 1245 pnrest.
1184 1200 1231 1230 lta
1245 1198 1347 1230 virtus
1360 1197 1452 1230 unita
1461 1194 1586 1228 fortior
1596 1221 1608 1237 ‚
1637 1194 1821 1240 &velape‘s
1831 1195 1954 1237 ju'ndhs

260 1247 381 1282 aculeis
393 1251 428 1282 in
438 1258 581 1282 turmam
592 1249 748 1282 coeuntes
758 1250 937 1283 exercitum
948 1251 982 1282 in
994 1246 1228 1281 confusionem
1246 1257 1361 1293 agunt.
1411 1247 1534 1278 lterum
1547 1242 1723 1289 Polybium
1732 1267 1742 1281 ,
1760 1242 1953 1290 loquentem

76 1318 140 1358 Pol
155 1315 172 1352 b
188 1315 200 1351 l
214 1326 233 1352 Ζ
265 1297 378 1332 audire
389 1295 514 1343 placeat
527 1306 537 1335 t
561 1296 745 1343 Optimbfibi
752 1299 906 1344 consulunt
915 1297 1254 1343 respubltkaetenuiores.
1279 1308 1341 1341 quae
1349 1293 1513 1340 prudentes
1522 1317 1532 1331 ,
1557 1292 1594 1329 ὠ·
1602 1293 1742 1339 proposita
1750 1294 1879 1338 periculi
1888 1304 1955 1326 ma-

173 1341 182 1351 “
200 1342 208 1351 ’
237 1342 247 1355 ’
263 1345 424 1393 gniiudine
433 1357 470 1379 ac
477 1348 638 1380 vicinitate
641 1348 792 1393 pelliciunt
800 1348 879 1381 alias
889 1348 1074 1393 respublicas·
1082 1347 1137 1380 :vel
1145 1358 1239 1393 regna
1254 1345 1449 1391 potemtffima
1456 1346 1578 1390 insu-yn
1588 1343 1791 1387 firmarem.-
1829 1345 1954 1386 Armo-

269 1407 344 1442 tugu
355 1418 367 1436 ‚
393 1394 646 1445 animorumque
656 1399 848 1444 conjunctio
857 1421 867 1437 ,
885 1399 930 1444 fic
944 1409 1052 1433 murus
1067 1398 1206 1432 atheneus
1218 1395 1287 1441 esto.

744 1536 810 1616 Q
830 1538 895 1604 U
918 1536 1005 1602 AE
1026 1529 1067 1601 'S
1088 1528 1211 1603 TI
1237 1536 1302 1604 O
1391 1524 1507 1596 Vi.

625 1635 712 1687 De
715 1634 899 1707 figura
910 1631 1061 1686 iridis
1083 1645 1158 1694 <7
1180 1650 1355 1720 earum
1369 1640 1588 1685 numera

362 1749 472 1783 Raetet
484 1745 652 1795 vulgarem
666 1747 784 1782 iridem
800 1745 941 1781 'solarem
952 1744 1181 1781 versicolorem
1194 1742 1298 1780 solent
1308 1757 1552 1792 nonnunquam
1565 1747 1666 1779 etiam
1685 1743 1756 1781 aliae
1765 1744 1884 1781 solares
1895 1748 1956 1781 iti-¹

272 1753 418 1851 Pdes
429 1799 642 1842 contingere,
667 1796 768 1830 veluti
782 1795 862 1830 albae
884 1819 894 1834 ,
918 1795 1157 1830 auteoiuteae&
1169 1792 1286 1831 rubrae.
1339 1793 1438 1828 Albas
1452 1806 1516 1829 tres
1528 1794 1558 1829 se
1568 1793 1754 1829 obsetvfisse
1765 1806 1888 1833 narrat,
1910 1797 1958 1835 D.

364 1848 665 1883 MentzenusAnn,
683 1856 713 1889 3.
729 1847 869 1890 Ephem.
884 1847 999 1880 Germ.
1014 1845 1085 1880 dec.
1097 1855 1129 1880 2.
1150 1844 1264 1890 aitque
1282 1843 1486 1889 potislimi‘im
1509 1856 1660 1889 tempore
1674 1845 1958 1890 aequinoo‘borum

270 1891 449 1942 praesettim
461 1893 704 1928 autumnalium
717 1893 884 1938 accidereg
906 1895 992 1926 ratio
1015 1890 1078 1926 ess'e
1099 1893 1226 1937 potest,
1254 1893 1346 1937 quod
1363 1892 1482 1926 solares
1502 1895 1584 1926 radii
1604 1905 1671 1926 non
1693 1895 1727 1926 in
1746 1891 1907 1927 roscidam
1921 1898 1959 1929 &

271 1946 374 1990 guttis
387 1955 520 1989 gravem
535 1943 658 1977 nubem
673 1967 684 1984 ‚
712 1942 808 1975 sedin
822 1941 1047 1976 tenuissimum
1065 1941 1195 1974 tantum
1208 1952 1361 1986 vaporem
1372 1943 1530 1979 incidant,
1589 1943 1807 1977 Aureoluteas
1819 1943 1958 1979 D.Moe-

271 2004 330 2026 ren
347 1992 457 2037 plures
466 1989 496 2025 se
510 1991 622 2026 vidisse
633 1990 782 2038 perhibet
794 1991 810 2025 a
823 1990 934 2035 Soleja
944 2004 976 2025 m
987 1990 1158 2024 occidente
1172 2002 1211 2023 ex
1221 1988 1375 2035 opposito
1391 1990 1576 2024 horizontis
1591 1989 1765 2038 descriptas
1776 2014 1786 2029 ,
1811 1991 1961 2027 cumvnu-

272 2039 331 2075 bes
347 2043 466 2084 pariter
476 2039 535 2074 illo
554 2051 703 2087 tempore
714 2041 753 2073 ad
763 2052 867 2074 aureae
879 2052 1003 2074 aurorae
1013 2037 1199 2085 exemplum
1212 2039 1502 2079 essmrinaurnae,
1542 2040 1630 2073 unde
1645 2053 1684 2073 ex
1695 2040 1963 2075 reverberatione

271 2090 326 2123 hic
337 2089 430 2124 color
443 2092 517 2124 iridi
528 2087 654 2125 affandi
669 2091 791 2137 potuit.
843 2088 996 2124 Rubeam
1010 2101 1146 2135 quoque
1157 2088 1274 2121 iridem
1292 2101 1332 2122 an
1340 2087 1463 2122 notasse
1490 2113 1499 2127 ‚
1530 2091 1617 2123 idem
1643 2089 1737 2136 supra
1753 2101 1961 2125 memoratus

271 2138 458 2173 Menzelius
474 2142 627 2174 meminit
639 2140 692 2174 die
708 2137 914 2180 19.0‹stobr.
934 2139 1036 2184 1677.
1056 2136 1204 2183 vesperi,
1228 2135 1301 2171 cnm
1315 2136 1440 2180 solnm
1453 2136 1681 2186 occubuissem,
1706 2140 1834 2173 causam
1855 2139 1960 2174 effici-

271 2198 382 2221 entem
398 2187 494 2231 hujus
504 2188 614 2223 statuit
625 2200 777 2223 auroram
792 2188 1010 2234 vespertinam
1021 2209 1030 2224 ‚
1064 2185 1269 2220 materialem
1291 2185 1370 2219 vero
1385 2199 1523 2231 vapores
1540 2185 1659 2221 crassos
1678 2185 1802 2234 frigore
1821 2189 1964 2224 constri-

272 2236 345 2270 &os
358 2239 390 2270 &
405 2236 548 2271 nubibus
560 2240 779 2273 intermixtos.
807 2237 882 2269 vide
894 2237 1153 2280 Ephem-Getm.
1165 2247 1197 2269 2.
1214 2237 1300 2268 Ann.
1318 2245 1346 2277 3.
1370 2233 1498 2269 observ.
1516 2248 1547 2280 ς,

374 2286 511 2328 Quaeres
524 2286 650 2331 ptimo:
677 2286 752 2320 cum
763 2287 816 2319 aet
825 2284 950 2332 ubique
962 2283 1000 2318 sit
1020 2284 1137 2330 plenus
1153 2282 1240 2318 nube
1256 2307 1266 2321 ,
1289 2295 1348 2318 cur
1356 2296 1426 2318 non
1437 2284 1562 2331 ubique
1574 2283 1738 2320 mirabilis
1749 2286 1803 2321 illa
1814 2287 1965 2324 colorum

275 2335 417 2367 varietas
429 2345 585 2380 appareat
598 2358 608 2373 ,
636 2337 689 2369 sed
700 2334 824 2381 semper
835 2336 869 2368 in
883 2336 1046 2368 circinum
1057 2334 1154 2368 dueta
1171 2334 1379 2367 medietatem
1402 2334 1516 2369 circuli
1531 2333 1716 2370 exhibeat?
1744 2338 1964 2380 Respondeo:

275 2384 443 2417 rationem
457 2382 538 2424 esse,
570 2386 665 2430 quia,
691 2396 728 2418 ut
736 2385 879 2418 diximus
892 2407 901 2423 ,
929 2382 1059 2428 phasma
1070 2383 1130 2416 hoc
1139 2393 1316 2430 generatur
1326 2395 1402 2417 cum
1414 2385 1586 2419 radiorum
1599 2384 1756 2419 solarium
1766 2386 1963 2427 reflexione.

276 2444 348 2478 quae
359 2431 494 2466 reflexio
505 2435 521 2466 a
534 2432 623 2467 nube
637 2446 704 2467 non
719 2431 825 2467 sitnisi
836 2431 945 2468 versus
963 2432 1084 2467 lineam
1094 2431 1183 2466 illam
1209 2455 1219 2471 ‚
1246 2444 1320 2478 quae
1340 2433 1471 2468 ducitur
1489 2434 1505 2467 a
1518 2446 1630 2468 centro
1640 2434 1724 2470 Solis
1737 2447 1792 2479 per
1801 2447 1960 2470 centrum

275 2481 379 2515 nostri
390 2483 476 2515 oculi
490 2486 525 2516 &
536 2482 626 2516 iridis
640 2482 761 2527 ipsiu53
786 2493 873 2527 patet
884 2480 1182 2526 enimexperientii
1195 2504 1204 2519 ‚
1231 2494 1298 2514 non
1311 2482 1438 2516 videria
1452 2483 1547 2517 nobis
1558 2484 1690 2524 iridem.
1709 2484 1770 2519 nisi
1780 2483 1838 2518 sub
1849 2483 1958 2519 istius-

274 2531 367 2564 modi
381 2529 467 2565 linea
488 2542 500 2575 3
526 2533 604 2565 item
622 2535 656 2566 &
672 2544 744 2579 quae
755 2531 909 2573 videntur
921 2543 975 2577 pet
986 2531 1199 2565 reflexionem
1209 2543 1277 2564 non
1288 2531 1391 2564 videri
1403 2531 1461 2566 nisi
1474 2529 1531 2566 sub
1545 2534 1768 2568 determinato
1781 2534 1907 2580 punc-‘ko
1918 2537 1956 2569 &

275 2578 412 2626 angula
460 2581 536 2624 Jam
548 2580 626 2615 vero
635 2604 645 2620 ,
671 2581 745 2615 cum
754 2580 836 2614 radii
846 2592 962 2615 omnes
971 2581 987 2614 ὲ
999 2580 1089 2614 nube
1100 2581 1140 2614 ad
1151 2581 1315 2626 punsturn
1336 2583 1370 2615 &
1391 2580 1513 2616 lineam
1533 2586 1595 2625 jam
1606 2583 1803 2630 explicatam
1814 2595 1957 2617 concur-

273 2639 349 2662 rant
367 2627 425 2662 sub
434 2628 613 2675 aequalibus
623 2629 764 2676 angulis.
789 2626 994 2675 consequens
1006 2629 1051 2663 est
1060 2653 1069 2668 ‚
1088 2640 1125 2663 ut
1135 2629 1300 2670 obiedtum
1312 2629 1409 2664 nobis
1421 2632 1654 2678 repraesentent
1667 2633 1727 2668 sub
1736 2632 1840 2679 figura
1848 2633 1959 2666 circu-

273 2676 346 2712 lari.
400 2680 488 2722 Quia
498 2678 728 2725 quaecunquea
745 2677 841 2713 nobis
851 2679 1004 2712 videntur
1015 2676 1072 2713 sub
1084 2678 1263 2726 aequalibus
1273 2679 1403 2725 angulis
1417 2693 1591 2726 apparent,
1620 2680 1748 2730 semper
1770 2681 1889 2715 habere
1911 2693 1957 2715 ae-

274 2725 407 2770 qualem
426 2727 613 2761 distantiam
625 2726 666 2762 ab
675 2727 794 2765 oculo,
819 2738 856 2761 ac
865 2728 1003 2773 proinde
1017 2730 1052 2762 in
1070 2728 1184 2762 orbem
1202 2726 1365 2773 disposita.
1416 2730 1585 2769 semndb,
1613 2734 1691 2778 quia
1719 2729 1846 2766 colores
1863 2730 1898 2764 bi
1918 2732 1955 2765 in

274 2773 383 2809 forma
392 2776 482 2811 arctis
500 2775 646 2823 dispositi
656 2777 829 2810 causantur
839 2778 936 2810 etiam
947 2776 964 2811 a
975 2778 1074 2811 radiis
1085 2775 1251 2815 refractis,
1279 2788 1315 2810 ut
1329 2777 1473 2813 diximus
1486 2808 1499 2826 ‚
1525 2778 1635 2815 versus
1654 2791 1804 2815 centrum
1830 2778 1953 2820 nubis,

273 2822 341 2856 hoc
353 2825 398 2858 est
408 2848 417 2863 ‚
443 2823 556 2859 versus
569 2826 729 2871 punitum
741 2847 752 2862 ‚
793 2836 851 2870 per
862 2826 953 2872 quod
965 2824 1079 2860 transit
1094 2826 1203 2861 radius
1221 2827 1523 2876 perpendicular153
1550 2830 1632 2863 radii
1643 2830 1721 2865 vero
1741 2829 1888 2876 undique
1900 2839 1956 2862 re-

273 2870 372 2906 fracti
384 2873 493 2908 versus
504 2873 640 2922 aliquod
651 2874 811 2922 punstum
821 2897 832 2912 ,
858 2886 893 2908 ac
910 2886 1060 2911 centrum
1073 2878 1107 2909 in
1117 2877 1230 2910 eadem
1238 2875 1391 2910 distantia
1409 2877 1428 2911 εὶ
1441 2877 1498 2912 tali
1508 2885 1630 2917 centro?
1641 2878 1808 2926 aequaliter
1827 2876 1958 2912 obscu-

271 2931 409 2958 rantur,
426 2925 458 2955 &
469 2923 676 2964 colorantur,
703 2923 789 2958 unde
805 2921 930 2957 colores
942 2935 1101 2971 apparent
1122 2936 1159 2960 ut
1170 2925 1261 2959 dmin
1279 2926 1314 2958 in
1332 2925 1447 2960 orbem
1469 2929 1553 2962 circa
1566 2927 1702 2975 aliquod
1714 2927 1876 2971 punitum
1886 2928 1959 2967 exi-

270 2968 400 3003 stensin
411 2971 670 3016 perpendiculari
680 2997 691 3013 ,
717 2972 807 3021 quod
820 2971 851 3006 se
861 2971 958 3007 habet
969 2996 978 3011 ‚
1009 2985 1046 3008 ut
1067 2985 1214 3009 centrum
1237 2974 1339 3009 iridis.
1387 2976 1518 3014 Tettio.
1543 2977 1712 3024 quiaradii
1723 2973 1842 3010 solares
1852 2987 1959 3023 pene.

269 3027 394 3052 ttantes
405 3017 525 3054 nubem
535 3032 603 3055 non
614 3023 770 3057 videntur
779 3020 818 3055 ab
828 3020 926 3056 oculo
939 3045 950 3060 ‚
976 3021 1034 3056 nisi
1047 3023 1194 3071 respectu
1206 3022 1294 3058 illius
1306 3021 1366 3058 fint
1375 3023 1504 3073 obliqui
1515 3037 1527 3071 3
1553 3026 1605 3060 sed
1614 3027 1730 3059 nonin
1743 3036 1815 3059 toto
1828 3025 1956 3064 medio,

263 3064 362 3101 sedin
376 3065 441 3100 sola
452 3069 719 3106 circumferentia
733 3069 830 3106 nubis
845 3073 1011 3118 incipiunt
1028 3070 1148 3108 solares
1159 3074 1241 3108 radii
1258 3074 1356 3107 oculo
1365 3073 1533 3123 obliquari
1548 3083 1562 3123 ς
1587 3074 1667 3122 ergo
1696 3086 1764 3108 non
1779 3074 1855 3109 illos
1869 3097 1880 3113 ‚
1905 3075 1961 3109 vi-

260 3113 317 3151 det
327 3117 364 3151 in
376 3116 507 3157 medio,
535 3117 590 3154 sed
604 3121 641 3156 in
655 3120 723 3156 sola
736 3119 1004 3160 circumferentia
1015 3122 1113 3158 nubis
1122 3125 1328 3158 circumcirca
1339 3146 1350 3162 ,
1376 3121 1687 3173 consequente‘rque
1724 3126 1759 3158 in
1786 3123 1892 3174 figura
1903 3135 1963 3156 ro-

1859 3169 1959 3210 :unda
