2060 3444
282 153 377 216 178
923 143 1297 215 Meteorologia

278 232 358 270 luni
375 232 452 268 vero
466 228 668 266 decrescente
680 240 720 263 ex
734 227 866 264 defeetu
876 229 1028 265 humoris
1042 227 1269 265 detumescunt
1283 251 1294 264 ‚
1315 238 1415 274 atque
1425 224 1627 264 decrescunt.
1681 228 1730 262 Sic
1749 237 1886 274 quoque
1896 223 1961 260 ob-

279 287 443 318 tetvatum
455 279 531 315 luna
540 277 700 314 crescente
711 278 762 314 vel
775 278 980 314 decrescente
990 279 1150 315 medullas
1165 280 1200 311 in
1211 276 1330 312 offibus
1341 276 1550 314 animalium,
1577 278 1612 310 in
1629 288 1700 311 ovis
1712 277 1877 314 albumen,
1901 286 1961 309 cae·

279 332 416 379 totaque
430 331 460 364 id
476 340 579 375 genus
595 328 735 362 creicere
746 340 803 362 aut
814 326 1007 365 decrescere.

377 379 611 413 Confirmatur
624 375 776 412 secundo.
805 379 1041 423 Experimento
1050 376 1140 412 facio
1155 376 1172 410 ὲ
1185 377 1218 412 1’.
1231 374 1403 409 Kirchero.
1454 376 1519 409 Hic
1535 373 1655 420 pelvim
1676 373 1758 418 aqua
1773 373 1896 410 nitroszi
1911 385 1964 408 re·

279 429 379 479 plera,
405 431 438 462 &
452 426 514 460 sale
529 428 699 461 communi
721 428 821 461 mixta
840 425 949 460 serena
968 429 1064 461 noCre
1075 428 1172 460 radiis
1184 422 1356 458 lunaribus
1365 424 1516 470 exposuit
1527 451 1540 469 ‚
1564 435 1636 470 quae
1650 422 1757 456 statim
1773 423 1896 458 fervere
1910 425 1965 457 in-

289 481 387 525 cepit,
414 479 447 510 &
462 486 539 509 tunc
552 475 605 510 vel
619 475 773 516 maxime,
797 477 874 510 dum
889 475 966 509 luna
978 478 1012 510 in
1027 475 1214 522 plenilunio
1234 472 1425 507 versaretur,
1477 473 1565 506 Idem
1590 475 1850 518 experimentum
1869 475 1964 519 caepit

285 531 320 563 in
333 527 401 571 lupi
415 526 533 558 marini
547 524 601 559 seu
611 526 716 571 phoce
725 526 829 562 corio,
854 524 945 570 quod
960 524 1045 559 lunae
1060 526 1156 558 radiis
1166 520 1349 569 expositum
1364 521 1447 568 pilos
1463 523 1501 555 ad
1518 523 1586 568 ejus
1599 524 1845 555 incrementum
1856 525 1962 569 erige·

284 577 353 612 bat,
379 578 413 609 &
424 574 672 609 decrementum
683 573 889 608 demittebat.
938 573 1029 608 Cum
1050 586 1129 621 ergo
1148 575 1235 606 inter
1252 583 1386 618 corpora
1404 571 1540 605 humida
1560 573 1705 616 primurn
1725 570 1835 604 locum
1857 581 1966 605 teneat

284 636 394 670 mare3
420 621 545 658 necesse
553 624 599 658 est
613 636 758 671 quoque,
784 623 896 656 lunam
907 623 964 669 ipfi
982 625 1068 658 inter
1078 634 1189 656 caetera
1201 622 1380 660 dominari,
1406 624 1440 655 &
1451 618 1691 666 consequenter
1704 622 1826 654 mirum
1839 632 1905 654 non
1914 621 1964 655 el-

283 676 327 712 le‚
352 672 375 707 fi
386 672 538 707 cauletin
549 676 630 707 mari
641 671 926 707 intumescentiam
936 685 971 707 ac
983 668 1274 707 detumescentiam
1292 680 1487 717 cooperante
1501 668 1588 706 Sole.

380 724 444 756 His
460 721 572 767 positis
584 721 760 755 difficultas
773 722 817 754 est
829 722 1004 768 explicare,
1032 720 1098 768 qua
1111 722 1231 754 virtute
1243 723 1276 754 &
1287 732 1354 766 quo
1368 720 1466 765 padio
1480 717 1557 752 luna
1567 716 1674 752 causet
1689 720 1836 751 marinos
1848 717 1964 757 aestus?

285 770 423 805 modum
436 770 535 810 hunc,
564 784 632 818 quo
643 772 674 804 id
686 770 762 804 luna
778 769 908 809 efficiat,
935 769 997 805 esse
1010 770 1108 805 nobis
1123 771 1484 816 prorsusintognitum,
1509 770 1542 801 ὅ(
1561 769 1806 812 incompertum
1817 765 1967 814 fatetur-¹.

285 821 322 856 P.
333 819 483 857 Rhodes,
509 831 567 853 nec
580 819 698 853 habere
710 818 877 866 quemque
886 819 989 858 aliud,
1003 820 1094 867 quod
1105 829 1241 865 reponat
1252 840 1262 855 ‚
1286 817 1346 851 nisi
1362 817 1544 851 exclamare
1557 827 1632 850 cum
1646 816 1765 854 Eccles,
1776 829 1810 852 n.
1821 829 1848 851 v.
1860 819 1963 863 4.mi·

288 867 403 903 rabilia
421 880 520 912 opera
530 868 669 903 altiffimi
682 869 795 908 (olim,
821 874 855 904 δέ
866 870 1065 917 gloriosa‚&
1079 865 1241 906 absconsa,
1252 865 1398 901 &invisa
1411 863 1620 914 operaillius.
1674 867 1764 910 Qid
1779 877 1891 900 tamen
1910 865 1968 899 alii

286 918 410 954 dicant.
437 922 472 953 δε
482 931 552 964 quae
564 921 682 964 opinio
694 918 834 953 tenenda
848 918 990 953 breviter
1004 931 1058 964 per
1072 916 1243 963 sequentes
1253 915 1495 951 conclusiones
1505 915 1687 960 expediam,
1740 916 1835 949 Unde
1850 915 1887 949 sit

382 966 564 1001 Conclusio
574 966 725 1004 secunda.
758 969 846 1001 Luna
856 980 925 1001 non
938 971 1046 1001 caniat
1061 967 1185 1001 fluxum
1196 970 1228 1001 &
1239 970 1274 1001 &
1284 965 1446 1000 refluxum
1459 976 1515 1011 per
1526 963 1667 998 calorem
1681 969 1715 999 &
1734 963 1860 999 lumen.
1888 965 1974 998 Pro-

286 1015 398 1054 batur,
424 1019 503 1063 quia
517 1017 597 1050 dum
607 1016 697 1050 estin
709 1018 834 1064 puncto
843 1018 956 1050 mediae
966 1017 1086 1055 noctis,
1110 1027 1190 1050 tunc
1201 1014 1307 1050 causat
1321 1026 1473 1061 magnam
1486 1013 1787 1053 intumescentiam‚
1814 1018 1847 1049 &
1858 1024 1968 1047 tamen

285 1077 406 1112 aquarn
417 1078 525 1112 neque
536 1063 696 1104 calefacit,
722 1078 832 1111 neque
843 1064 1020 1103 illuminat.
1074 1064 1237 1103 secundo,
1247 1066 1325 1112 quia
1335 1065 1368 1096 in
1379 1062 1572 1100 interlunio,
1581 1074 1651 1108 quo
1662 1075 1811 1110 tempore
1821 1063 1897 1097 luna
1911 1063 1971 1097 suo

287 1113 612 1149 luminedestituitur
621 1127 637 1155 ‚-
662 1118 697 1149 &
709 1115 844 1162 quando
858 1117 892 1149 in
905 1114 970 1149 alio
983 1115 1028 1150 est
1041 1114 1285 1162 hemisphaeriO,
1304 1115 1388 1160 quin
1404 1111 1502 1146 nobis
1514 1110 1690 1160 colluceat,
1702 1125 1756 1147 aut
1767 1110 1939 1147 calefaciat·
1958 1137 1971 1157 ,

286 1176 357 1201 non
369 1163 489 1198 cessant
500 1164 587 1209 apud
601 1175 666 1197 -nos
675 1165 809 1198 maximi
820 1164 927 1203 aessus,
944 1177 1025 1212 ergo

383 1211 563 1246 Conclusio
576 1214 686 1250 tertia.
714 1215 805 1247 Luna
815 1225 924 1261 neque
936 1216 1080 1249 marinos
1092 1213 1185 1248 aestus
1193 1211 1302 1249 causat
1309 1225 1366 1262 per
1375 1224 1507 1249 motum
1519 1212 1611 1247 [uum
1624 1211 1675 1246 vel
1690 1222 1857 1247 tumorem
1866 1221 1975 1257 queu-

289 1262 378 1299 dam,
393 1273 654 1308 quatenustnare
663 1260 704 1296 ab
715 1261 780 1309 ipsa
799 1262 876 1296 luna
892 1261 1109 1309 suspenditur,
1121 1274 1178 1297 aut
1190 1275 1249 1310 per
1264 1263 1443 1310 impulium
1458 1264 1541 1297 mari
1552 1260 1755 1309 imprelsum.
1790 1262 1895 1296 Ratio
1905 1259 1975 1306 pri·

288 1310 401 1349 miest,
418 1313 495 1357 quia
509 1309 534 1343 fi
545 1311 746 1345 matisaestus
759 1310 952 1358 sequeretur
962 1313 1001 1347 ad
1015 1324 1144 1347 motum
1156 1311 1255 1352 lunae.
1266 1311 1371 1348 solum
1383 1322 1571 1347 moveretur
1583 1323 1672 1345 mare
1680 1309 1721 1345 ab
1729 1312 1859 1345 oriente
1868 1311 1902 1343 in
1914 1319 1974 1341 oc-

287 1360 467 1397 cidentem,
476 1358 635 1407 nullaque
644 1360 775 1395 daretur
785 1363 883 1402 ratio,
893 1373 951 1396 cur
959 1373 1045 1410 aqua
1057 1361 1098 1396 ab
1111 1362 1283 1397 occidente
1293 1364 1326 1396 in
1335 1364 1499 1397 orientem
1509 1370 1728 1395 reverteretur
1739 1373 1796 1406 per
1808 1358 1974 1394 refluxum

285 1408 844 1454 contraimpetum,&delationem
858 1423 967 1445 motus
979 1410 1075 1449 lunae.
1125 1412 1227 1446 Ratio
1237 1411 1370 1446 secundi
1387 1411 1433 1446 est
1444 1437 1456 1456 ,
1475 1421 1546 1445 tum
1563 1412 1640 1456 quia
1656 1420 1762 1443 nautae
1779 1406 1972 1443 subtorrida

291 1460 484 1504 navigantes
499 1457 561 1492 boc
577 1460 892 1508 animadverterent3
929 1471 1000 1494 tum
1016 1463 1095 1508 quia
1110 1472 1179 1494 non
1188 1461 1304 1494 eodem
1315 1472 1466 1507 tempore
1483 1462 1517 1493 in
1530 1458 1672 1506 utroque
1689 1458 1922 1506 hemisphaerio
1933 1468 1977 1489 κ-

289 1507 357 1541 stus
369 1507 482 1551 fieret3
509 1517 580 1541 tum
591 1507 747 1554 denique,
759 1511 836 1555 quia
849 1509 986 1555 majores
997 1509 1154 1544 deberent
1164 1508 1225 1543 effe
1235 1510 1326 1543 aestus
1337 1508 1396 1543 snb
1406 1508 1620 1543 zonatorrida
1641 1532 1650 1547 ‚
1687 1508 1786 1554 quam
1798 1505 1906 1543 versus
1917 1506 1975 1540 Se-

291 1558 529 1603 ptentrionem,
540 1557 631 1603 quod
644 1568 755 1591 tamen
766 1556 883 1592 falsum
899 1559 956 1593 est.
983 1561 1087 1594 Ratio
1102 1560 1193 1592 tertii
1205 1558 1263 1597 est,
1275 1561 1353 1605 quia
1365 1559 1500 1605 quando
1513 1557 1592 1591 luna
1602 1558 1648 1591 est
1665 1561 1699 1590 in
1722 1556 1971 1604 hemisphaerio.

290 1604 345 1640 vel
358 1607 389 1638 in
401 1607 578 1639 horizonte
587 1605 754 1651 oppofito,
763 1619 831 1640 non
842 1608 946 1653 porest
958 1610 993 1641 in
1004 1607 1075 1641 aliis
1085 1607 1182 1641 talem
1193 1609 1355 1654 impetum
1368 1609 1573 1654 imprimere.
1592 1608 1627 1640 in
1640 1606 1761 1653 quibus
1773 1618 1883 1641 tamen
1897 1606 1973 1641 sunt

286 1653 373 1689 sales
387 1653 493 1701 aestu33
504 1666 574 1687 tum
584 1657 682 1688 etiam
691 1658 770 1701 quia
780 1654 856 1690 «saris
868 1656 1022 1702 explicari
1031 1669 1099 1691 non
1113 1656 1229 1703 potest,
1242 1657 1417 1704 quomodo
1425 1659 1521 1704 aquis
1533 1657 1702 1702 imprimat
1713 1656 1902 1699 hujusmodi
1911 1659 1975 1691 im-

292 1701 582 1752 pulsum‚quando
593 1715 681 1738 mare
696 1704 821 1739 refluit.
1722 1710 1723 1713 ’

385 1751 570 1786 conclu-fio
586 1764 712 1799 quatra.
738 1755 828 1787 Luna
839 1750 948 1788 causat
957 1752 1244 1788 intumescentiam
1263 1756 1361 1788 maris
1370 1766 1425 1801 per
1435 1752 1633 1800 qualitatem
1644 1753 1896 1790 &influentiam
1911 1766 1970 1789 oc-

293 1799 530 1843 cultam,cujus
540 1803 738 1847 propagatio
751 1814 819 1836 non
830 1803 1011 1849 impeditur
1022 1802 1039 1836 ὲ
1049 1803 1186 1837 crassitie
1200 1815 1236 1838 ac
1245 1803 1404 1837 densitate
1415 1815 1517 1837 terrae.
1567 1804 1681 1838 Primo
1697 1807 1786 1838 enim
1801 1803 1878 1838 luna
1889 1805 1972 1851 quii-

288 1850 371 1884 dam
381 1847 435 1884 sua
447 1849 617 1896 qualitate,
629 1853 663 1884 δε
675 1853 708 1884 vi
720 1850 848 1886 occulta
858 1850 969 1885 influit
981 1854 1015 1885 &
1025 1850 1140 1886 alterat
1156 1853 1310 1886 humores
1319 1855 1355 1886 in
1365 1852 1558 1897 corporibus
1575 1853 1768 1888 animalium
1779 1881 1791 1900 ‚
1809 1856 1843 1887 &
1863 1854 1897 1887 in
1910 1853 1970 1886 ho-

295 1900 402 1934 mines
420 1898 581 1933 lunaticos
595 1899 717 1941 influit,
727 1911 806 1947 ergo
818 1902 914 1934 etiam
926 1897 970 1934 fic
985 1898 1101 1934 influet
1119 1904 1154 1935 &
1167 1900 1318 1935 alterabit
1335 1903 1370 1935 in
1382 1903 1463 1934 mari
1474 1901 1606 1947 spiritns
1617 1902 1811 1948 sulphureos
1822 1902 1975 1936 &·1alni..

294 1946 404 1985 trales,
417 1946 564 1992 quisunt
572 1949 679 1983 veluti
688 1952 784 1984 maris
794 1949 949 1984 humores
957 1960 1014 1996 per
1021 1949 1176 1984 ordinem
1186 1951 1225 1983 ad
1238 1949 1363 1987 lunam,
1375 1947 1520 1995 talesque
1532 1951 1635 1992 aestus,
1648 1962 1746 1997 prout
1756 1952 1808 1984 hic
1820 1950 1975 1989 causabir,

293 1998 445 2032 Secundo
461 1997 620 2044 probatur
640 2000 737 2032 etiam
749 2021 760 2037 ,
780 1998 870 2046 quod
887 1999 1084 2045 propagatio
1098 1998 1498 2033 talisoccultaeinfluentiae
1512 2011 1583 2035 non
1606 2000 1977 2047 impediaturacraffitie

298 2057 410 2090 terrae3
435 2059 512 2081 nam
523 2045 686 2082 eumlum
696 2049 790 2082 estin
806 2049 933 2095 puntfito
942 2048 1060 2082 mediae
1068 2049 1187 2088 noetis,
1200 2048 1379 2082 influentiae
1390 2047 1518 2082 lunares
1535 2052 1737 2096 proveniunt
1749 2050 1787 2083 ad
1802 2061 1901 2089 mate,
1925 2061 1977 2083 et-

297 2095 389 2129 iamsi
404 2096 525 2131 mediet
535 2108 608 2131 rtota
623 2097 781 2132 crassities
796 2110 902 2134 terrae.
952 2096 1055 2142 Qiod
1069 2098 1149 2133 vero
1160 2100 1357 2145 propagatio
1367 2097 1551 2145 aliquarum
1561 2098 1810 2133 influentiarum
1822 2102 1856 2134 &
1866 2098 1976 2145 quali-

298 2154 405 2178 tatum
415 2157 481 2179 non
492 2146 690 2192 impediatur
700 2147 717 2181 a
727 2146 885 2181 densitate
892 2144 993 2181 ullius
1002 2149 1154 2195 ¹corporis
1164 2146 1334 2193 probatur,
1353 2159 1428 2180 nam
1439 2148 1658 2193 podagrici,&
1673 2148 1782 2195 plures
1795 2147 1850 2182 alii
1862 2150 1979 2195 aegroti

301 2190 447 2226 sentiunt
457 2193 805 2241 effe&us'punstorum
815 2197 995 2234 lunarium,
1007 2208 1024 2229 e
1039 2209 1073 2243 g.
1084 2197 1359 2244 quadraturarurn
1372 2197 1468 2230 etiam
1478 2195 1557 2231 lunii
1568 2207 1720 2231 manente
1739 2195 1798 2230 iub
1818 2197 1979 2232 horizon-

301 2252 344 2276 te.
395 2241 580 2277 sicutenim
591 2245 711 2278 dantur
723 2246 870 2291 quaedam
884 2257 1024 2292 corpora
1035 2247 1136 2279 eriam
1159 2244 1253 2280 valde
1267 2245 1377 2283 densa,
1389 2257 1461 2291 quae
1477 2258 1545 2280 non
1565 2246 1752 2292 impediunt
1767 2246 1981 2281 transmiffio-

301 2302 378 2325 nem
390 2290 473 2325 lucis
483 2295 693 2336 ‚cujusmodi
711 2294 757 2327 est
771 2293 931 2328 cristallus
943 2317 954 2332 ‚
968 2298 1003 2329 δε
1022 2294 1089 2329 haec
1101 2303 1256 2329 vocamus
1268 2294 1445 2340 diaphana‚
1459 2293 1520 2329 alia
1531 2294 1611 2328 vero
1620 2307 1755 2341 corpora
1765 2295 1980 2340 impedientia

303 2339 579 2375 transmissionem
590 2341 682 2381 lucis,
695 2355 765 2388 quae
776 2354 1051 2390 vocamusopaca‚
1070 2344 1256 2388 cujusmodi
1278 2343 1358 2378 sunt
1376 2343 1511 2391 lapides,
1526 2355 1610 2378 terra
1618 2348 1683 2381 δίε.
1707 2348 1751 2378 ira
1763 2343 1893 2390 possunt
1907 2346 1979 2379 dari

302 2401 453 2435 corpora.
465 2401 534 2432 quae
545 2389 619 2424 licet
629 2389 734 2425 lucem
748 2405 816 2427 non
828 2395 1064 2431 transmittant,
1075 2400 1173 2440 atque
1185 2393 1267 2426 adeo
1279 2391 1341 2427 sint
1350 2404 1463 2439 opaca,
1474 2395 1698 2427 transmittant
1712 2406 1822 2428 tamen
1836 2394 1981 2428 influen-

300 2440 374 2475 tias,
385 2440 429 2471 ira
442 2449 476 2471 ut
489 2437 636 2485 respectu
648 2439 779 2476 illarum
793 2442 913 2490 poffint
924 2441 1218 2490 proportionaliter
1232 2445 1341 2477 vocari
1352 2443 1529 2489 diaphana‚
1544 2442 1597 2477 ied
1609 2443 1648 2477 de
1662 2444 1725 2478 hoc
1736 2443 1829 2491 plura
1842 2447 1876 2477 in
1887 2442 1977 2490 qhae'·v

305 2487 411 2523 stione
421 2484 583 2534 sequenti.

394 2535 722 2583 ‘Co-nclufioquinra.
751 2540 795 2572 Lu
803 2550 842 2572 na
856 2538 916 2573 ha'ic
926 2538 981 2574 sua
991 2540 1163 2587 qualitate,
1175 2543 1209 2575 &
1222 2539 1350 2576 occulta
1363 2538 1536 2575 influentia
1549 2551 1615 2574 non
1626 2541 1732 2576 causat
1742 2545 1838 2578 maris
1849 2542 1977 2577 fluxum

308 2588 342 2620 δε
356 2584 520 2619 refluxum
535 2586 761 2621 :arefaciendo
771 2591 805 2622 ὃ(
816 2587 1144 2624 condensandoillius
1153 2602 1266 2637 aquas,
1276 2590 1326 2624 sed
1336 2589 1507 2624 alterando
1520 2588 1651 2624 illarum
1664 2589 1795 2636 spiritus
1808 2616 1817 2631 ,
1831 2594 1873 2626 ita
1884 2590 1975 2625 urai·-

308 2636 419 2667 teraris
434 2633 488 2669 fiat
497 2638 597 2670 maris
604 2636 743 2670 acceflus
754 2639 792 2669 ad
806 2636 910 2675 littus,
920 2637 984 2672 illis
996 2638 1076 2672 vers)
1090 2639 1204 2674 (edatis
1213 2638 1269 2673 fiat
1281 2639 1428 2676 receflus.
1479 2641 1579 2674 Ratio
1598 2641 1695 2685 primi
1710 2642 1768 2681 est,
1778 2643 1854 2689 quia
1864 2639 1884 2674 si
1895 2640 1976 2675 luna

308 2684 351 2716 ita
360 2684 503 2718 causarer
514 2684 619 2723 aestus,
631 2697 715 2732 aqua
737 2685 831 2720 fieret
848 2686 995 2728 calidior,
1007 2687 1121 2722 verum
1136 2688 1198 2722 hoc
1207 2687 1314 2723 multo
1327 2692 1429 2736 magis
1441 2687 1582 2722 efficeret
1592 2689 1646 2722 Sol
1661 2713 1671 2728 ,
1690 2690 1875 2738 quamluna
1901 2713 1911 2728 ‚
1940 2687 1978 2725 a&

310 2730 549 2778 consequenter
559 2734 575 2768 a
585 2734 658 2768 Sole
672 2735 830 2769 duntaxat
839 2734 1021 2771 causaretur
1033 2737 1139 2774 aestus,
1190 2737 1317 2772 Deinde
1326 2738 1513 2783 hujusmodi
1527 2736 1704 2773 rarefaffio
1716 2738 1781 2774 fine
1789 2737 1892 2773 dubio
1903 2739 1977 2774 sen-

312 2783 440 2819 tiretur,
452 2782 683 2831 videreturque
695 2787 728 2818 in
744 2786 897 2831 navigiis,
910 2798 983 2833 quae
995 2797 1163 2821 attenuata
1174 2799 1257 2834 aqua
1271 2789 1365 2821 maris
1375 2799 1430 2833 per
1444 2786 1569 2820 fluxum
1585 2799 1785 2836 mergeretur
1802 2790 1919 2836 magis,
1939 2794 1976 2826 ὃς

308 2828 417 2863 rursus
426 2831 620 2876 condensata
634 2845 689 2878 per
698 2831 857 2867 effluxum
867 2836 1185 2883 emergerent,quod
1199 2848 1305 2871 tamen
1317 2835 1435 2871 nullibi
1446 2833 1649 2874 observatur.
1701 2836 1833 2873 Accedit
1848 2861 1858 2875 ‚
1883 2838 1977 2884 quod

308 2877 384 2910 hinc
394 2877 583 2925 sequeretur
595 2906 603 2922 ‚
624 2894 663 2928 aq
670 2894 744 2916 uam
766 2884 875 2917 minus
891 2888 1050 2927 gravitate
1062 2887 1097 2919 in
1109 2888 1206 2920 maris
1216 2884 1349 2924 accessu,
1365 2896 1478 2932 utpote
1490 2884 1661 2927 rarefacta,
1673 2886 1772 2933 quam
1786 2889 1820 2919 in
1830 2887 1950 2924 recessu
1968 2913 1978 2930 ,

309 2935 425 2971 utpote
435 2930 641 2970 condensata,
651 2932 743 2978 quod
752 2931 861 2966 rursus
869 2942 983 2966 contra
991 2936 1226 2979 experientiam
1237 2935 1293 2973 est,
1309 2947 1344 2970 ut
1353 2935 1530 2969 ostendunt
1549 2936 1749 2969 Fromondus
1766 2939 1798 2970 δι
1810 2935 1977 2976 Galilaeus.

308 2976 409 3009 Ratio
423 2975 550 3013 secundi
563 2979 620 3018 est,
645 2983 734 3028 quia,
746 2991 781 3015 ut
789 2981 883 3015 docet
895 2981 988 3015 Arist.
998 2981 1021 3020 l.
1035 2983 1115 3022 3.de
1123 2986 1334 3031 generatione
1344 2983 1556 3030 animal.cap.
1574 2983 1635 3021 ult,
1656 2996 1742 3019 mare
1755 2983 1917 3031 repletum
1931 2985 1983 3023 est'

308 3022 477 3069 spiritibus
490 3028 683 3074 sulphureis,
693 3034 727 3065 δε
739 3028 959 3065 salnitralibus
967 3030 1057 3078 quali
1068 3031 1277 3072 humoribus,
1294 3046 1373 3082 ergo
1383 3034 1448 3068 illis
1460 3032 1603 3067 alteratis
1614 3044 1668 3080 per
1684 3033 1766 3068 hauc
1784 3033 1977 3082 qualitatem

312 3072 476 3109 occultam
490 3079 524 3110 &
534 3077 621 3124 quafi
633 3083 849 3126 magneticam
857 3079 945 3115 lutrae
956 3079 1042 3124 fiunt
1056 3081 1160 3122 aestus,
1176 3082 1255 3120 ficut
1264 3082 1405 3119 alteratis
1420 3081 1611 3119 humoribus
1622 3081 1659 3116 fit
1670 3080 1770 3118 febris
1786 3086 1820 3118 in
1832 3088 1974 3132 aegrotis.

1880 3180 1974 3218 Con-
