2003 3434
627 163 928 232 philosophico
944 189 962 199 —
980 162 1168 220 Politica.
1644 185 1725 232 291

479 260 551 342 Q
567 258 629 324 u
649 256 734 321 AE
752 257 791 320 s
810 255 880 320 T
897 256 923 320 1
943 255 1011 318 ο
1112 254 1183 322 Χ
1201 254 1229 321 1
1248 262 1295 328 Ι.

370 371 457 432 De
475 376 652 432 Stanno
673 416 692 440 ,
736 342 942 433 Yglumbo
960 415 977 443 ,
1025 366 1087 432 {5²
1126 371 1413 434 Orichalcol‘

158 528 162 532 ·
196 503 353 540 Onclnfio
364 509 479 553 prima.
529 509 688 545 Stannutn
700 508 745 543 est
755 506 922 544 metallum
932 505 1040 542 album
1051 507 1063 547 3
1090 519 1131 543 ex
1139 505 1246 542 multo
1256 519 1364 554 neque
1375 509 1416 542 ita
1426 518 1509 553 puro
1522 516 1659 554 argento
1671 506 1723 540 vi⁴

214 566 257 589 vo
266 578 277 594 ,
286 555 480 591 extrinsecus
490 555 566 591 albo
576 580 586 595 ,
595 559 784 593 intrinsecus
793 570 898 593 aurem
912 554 1014 590 rubeo
1023 579 1033 595 ,
1055 559 1088 591 δι
1100 569 1139 591 ex
1149 555 1301 602 sulphure
1312 559 1444 604 impuro
1454 569 1522 591 non
1535 557 1618 591 bene
1626 557 1722 602 dige-

214 603 261 637 sto
273 606 431 652 genitum.
478 605 544 650 ΑΗ)
556 618 671 642 vocant
684 607 850 642 metallum
862 605 1006 641 medium
1017 628 1027 644 ,
1039 616 1207 653 argentum
1217 608 1301 639 inter
1311 609 1345 639 &
1356 606 1526 653 plumbum
1538 629 1549 646 ,
1561 614 1720 652 quatenus

215 652 388 687 concrescit
398 667 437 688 ex
449 656 485 698 ijs
495 655 707 692 milcibilibus
716 679 727 697 ,
737 668 876 703 quorum
889 665 961 701 pars
973 656 1103 700 purior,
1112 655 1134 688 fi
1144 656 1370 693 (ecerneretur‚
1382 655 1483 690 abiret
1493 658 1527 689 in
1537 666 1721 701 argentum,

51 701 178 738 craffior
191 702 266 736 vero
279 703 313 735 in
326 702 495 747 plumbum
507 726 518 743 ,
535 705 622 739 unde
635 702 803 740 metallum
818 707 960 750 {parium
973 703 1017 738 est
1034 716 1073 737 ex
1085 705 1209 751 gemini
1220 702 1345 738 me'talli
1358 705 1477 738 semine
1487 707 1695 751 progenitum
1708 708 1720 736 x

3 764 7 769 v
46 752 121 794 quia
134 761 240 784 tamen
252 749 324 793 plus
334 753 374 787 de
383 751 522 797 plumbo
530 756 639 799 pattici
644 755 808 801 pat,quiim
822 755 863 788 de
876 752 1207 800 argento,appellatur
1215 753 1256 787 ab
1266 751 1339 787 aliis
1347 752 1521 797 plumbum
1533 754 1721 788 candidum.

0 818 7 838 ;-,
141 799 318 835 Conclusio
326 803 473 841 ieruuda,
525 804 628 837 Variae
640 803 733 846 hujus
745 805 954 850 proprietates
964 801 1049 841 sunt,
1101 801 1307 836 Leviffimum
1319 802 1364 836 est
1373 802 1577 836 metallorum
1589 811 1723 848 propter

0 839 7 904 ι’
40 846 140 901 laxos
153 860 250 895 poros
261 872 271 888 ,
281 848 332 883 vel
344 862 379 885 ur
389 851 556 886 nonnullis
565 851 670 898 placer
684 875 694 890 ,
708 863 839 899 propter
851 850 988 885 halitum
1001 851 1114 884 siccum
1126 854 1159 884 &
1170 850 1379 896 sulphureum
1392 850 1472 885 inibi
1483 854 1721 888 dominantem,

0 907 3 930 ι
43 897 88 930 ob
98 910 193 943 quam
205 902 365 934 rationem
384 903 479 934 etiam
492 901 643 935 stridulus
660 902 756 936 (onus
775 903 855 934 oriri
864 901 1013 939 creditur.
1063 898 1234 933 Tenuibus
1254 901 1397 946 partibus
1411 901 1558 939 constat,
1579 912 1613 936 ut
1625 898 1721 934 facile

0 946 4 987 [f
45 958 194 993 magnam
206 947 327 982 molem
338 952 406 984 aeris
416 952 583 997 pervagari
601 950 710 997 poffet.
737 952 822 984 unde
834 949 890 989 fir,
908 952 1067 996 utexigua
1081 949 1254 982 admodum
1267 960 1339 994 pars
1351 950 1404 983 aeri
1419 949 1563 984 admixta
1573 972 1583 988 ‚
1604 949 1720 984 album

0 1007 2 1027 ε
43 997 174 1030 inducat
198 996 355 1037 colorem,
406 1000 494 1035 Hinc
503 1001 752 1046 pariteroptime
770 1000 961 1034 ferruminar
973 997 1106 1032 metalla
1119 1020 1130 1036 ,
1159 998 1233 1044 quia
1244 997 1371 1032 subitin
1383 1009 1496 1033 eorum
1509 1010 1616 1043 poros⁴
1669 996 1721 1030 Ab

0 1059 2 1094 ᾗ
42 1056 104 1077 :tre
117 1049 292 1091 aeruginem
304 1047 457 1093 prohibet
467 1047 575 1083 claufis
586 1051 653 1091 ejus
667 1052 779 1095 poris3
804 1052 837 1082 &
855 1049 942 1095 quod
953 1046 1136 1081 mirabilius
1147 1069 1156 1084 ,
1171 1051 1243 1080 vala
1252 1057 1337 1080 :enea
1347 1047 1419 1082 licet
1432 1049 1583 1087 maxima,
1601 1047 1624 1081 'fi
1637 1048 1723 1081 stan·-

0 1097 3 1101 “
42 1104 88 1126 no
98 1096 322 1136 obducantur,
349 1109 417 1130 non
427 1099 528 1143 magis
543 1100 745 1144 ponderant,
763 1098 860 1146 quam
871 1097 936 1130 sine
953 1097 1066 1130 stanno
1077 1119 1088 1134 ‚
1109 1097 1191 1129 ratio
1201 1107 1308 1130 antem
1320 1096 1412 1141 hujus
1425 1098 1491 1132 dati
1506 1097 1608 1141 potest
1619 1120 1628 1135 ,
1646 1098 1721 1142 quia

0 1144 3 1178 ζ
43 1146 236 1178 tantundem
252 1146 397 1180 humoris
409 1159 448 1181 ex
460 1149 547 1192 potis
559 1149 740 1182 extruditur
750 1171 761 1187 ,
771 1158 927 1190 quantum
940 1147 1044 1179 stanni
1055 1147 1243 1183 intruditur.
1296 1144 1447 1180 Habet&
1458 1146 1558 1185 illud,
1570 1147 1658 1192 quod
1669 1157 1722 1180 ca·-

0 1216 3 1237 ,
43 1190 132 1225 cabis
154 1195 244 1228 aereis
273 1197 307 1228 in
325 1195 474 1230 ciborum
494 1197 658 1230 coQuram
679 1197 872 1231 adhibendis
899 1195 1017 1230 illitum
1045 1194 1085 1228 ab
1105 1196 1183 1241 igne
1202 1192 1355 1229 defendar
1380 1218 1391 1234 ‚
1415 1194 1490 1229 licet
1515 1198 1604 1229 enim
1631 1194 1722 1230 aer'i'r‘

43 1238 186 1288 ferrique
213 1254 326 1278 natura
352 1245 515 1279 duriffima
541 1268 552 1284 ,
581 1246 675 1279 lolius
701 1256 812 1280 tamen
839 1246 945 1278 stanni
974 1244 1090 1278 vicinia
1117 1243 1338 1278 defenduntur
1353 1266 1364 1283 ,
1391 1256 1434 1279 ne
1459 1247 1526 1292 igni
1553 1246 1697 1280 cedatne„
1708 1256 1722 1289 3

0 1308 3 1323 ;
40 1300 116 1324 nam
136 1303 259 1326 meatus
277 1292 418 1327 occludit
435 1296 541 1340 igneis
554 1292 728 1340 particulis.
780 1295 849 1329 Nifi
868 1305 976 1327 tamen
996 1291 1138 1339 plumbo
1155 1294 1367 1327 admisceatur
1385 1316 1395 1332 ,
1415 1293 1537 1327 nullius
1558 1296 1619 1328 erit
1628 1293 1694 1330 uiui
1706 1317 1720 1333 .

0 1339 2 1390 ,¹
42 1338 212 1383 plumbum
223 1343 309 1375 enirn
322 1343 460 1376 humore
473 1344 528 1377 {uo
540 1344 640 1377 stanni
651 1343 820 1379 siccitatem
833 1354 1003 1390 temperat.
1027 1343 1163 1388 Spiritus
1175 1344 1253 1376 nitri
1266 1343 1378 1377 stanno
1392 1341 1515 1377 infulus
1532 1344 1694 1378 vehemen
1707 1363 1722 1373 -

0 1403 2 1413 ν
38 1388 187 1422 tiffimam'
206 1392 239 1423 &
251 1388 386 1425 lubitatn
397 1403 481 1426 creat
492 1393 721 1427 ebullitionem
733 1417 743 1432 ‚
766 1405 802 1427 ut
812 1393 960 1427 stannum
977 1391 1073 1426 carbo
1087 1393 1240 1430 videatur.
1292 1394 1428 1426 Gravius
1450 1392 1641 1427 calcinatum
1654 1393 1719 1432 est,

41 1438 139 1483 quarn
154 1450 222 1472 non
237 1439 428 1474 calcinatum
441 1453 573 1487 propter
583 1454 749 1476 extraneas
760 1446 949 1477 accedentes
960 1440 1128 1484 particulas
1137 1464 1147 1478 ,
1167 1441 1287 1476 multus
1298 1443 1386 1476 enim
1397 1441 1444 1475 illi
1458 1441 1579 1476 humor
1588 1444 1722 1481 accedit,

43 1488 130 1520 unde
143 1487 273 1522 tandem
287 1491 319 1521 in
333 1489 504 1534 plumbum
517 1502 572 1536 per
584 1492 834 1526 calcinationem
843 1493 1015 1538 degenerat
1034 1512 1043 1527 ‚
1059 1489 1197 1534 plumbo
1207 1491 1297 1524 enim
1311 1490 1382 1536 plus
1396 1491 1542 1525 humoris
1552 1492 1651 1530 inest,
1664 1502 1721 1537 per

38 1546 138 1581 quem
156 1538 288 1583 pondus
298 1539 418 1574 crescit.
468 1541 665 1575 Britanicum
678 1543 879 1576 Germanico
895 1539 1069 1588 perfectius
1078 1540 1143 1579 est,
1164 1550 1276 1586 utpote
1287 1541 1400 1575 durius
1411 1563 1422 1580 ,
1449 1539 1580 1587 longius
1591 1543 1680 1576 enim
1701 1541 1722 1575 Ξ.

36 1585 180 1634 plumbo
201 1588 336 1627 recedit,
569 1617 575 1623 .

11 1676 21 1685 ·
137 1639 270 1677 Quaeres
281 1637 401 1682 primo,
453 1638 524 1674 Cur
534 1650 701 1686 nunquam
719 1639 904 1688 rubiginem
914 1637 1109 1678 contrahat?
1158 1637 1257 1683 Resp.
1283 1638 1461 1673 Rationem
1472 1638 1533 1673 esle
1551 1659 1562 1675 ⁵
1574 1640 1648 1685 quia
1660 1638 1722 1673 hac

11 1722 15 1725 ¹
38 1693 73 1716 ut
84 1683 290 1724 inficeretur,
314 1686 385 1732 plus
405 1687 921 1737 deigneinteruorequirererur,
943 1687 1064 1733 rubigo
1081 1690 1171 1721 enim
1186 1687 1274 1721 velut
1285 1686 1392 1734 fuligo
1402 1687 1466 1726 est,
1487 1699 1556 1734 quae
1572 1687 1716 1723 multum

37 1733 148 1779 ignem
159 1737 329 1780 iupponir,
347 1747 381 1769 ut
392 1737 486 1770 docet
501 1741 538 1777 P,
550 1741 730 1773 Honoratus
751 1739 849 1772 Fabri
864 1739 958 1776 traci,
973 1748 1006 1781 7.
1021 1735 1076 1773 hb.
1086 1749 1116 1770 2.
1134 1736 1171 1770 de
1184 1738 1325 1770 metallis.

137 1785 270 1824 Quaeres
280 1786 427 1820 recondo.
480 1790 585 1827 Quam
596 1786 784 1823 affinitatem
795 1799 870 1821 curn
882 1787 1017 1831 reliquis
1026 1786 1168 1819 metallis
1176 1786 1292 1819 habear
1302 1789 1317 1819 ,ἓ
1368 1785 1466 1824 Reip.
1494 1785 1632 1819 mixtum
1645 1797 1719 1820 mea

37 1829 121 1865 rallis
130 1843 165 1865 ea
176 1831 301 1879 fragilia
309 1836 441 1869 reddere
454 1846 494 1868 ex
503 1835 679 1871 dufflnbus
687 1861 697 1874 ‚
708 1839 785 1883 quia
796 1835 1032 1870 intermiscetur
1043 1845 1156 1868 eorum
1168 1833 1334 1879 particulis
1345 1857 1354 1872 ,
1364 1845 1442 1879 quas
1451 1835 1589 1878 proinde
1605 1836 1717 1869 minna

39 1891 90 1914 res
100 1882 215 1920 reddit,
267 1882 422 1917 Similiter
429 1882 569 1918 affusum
581 1885 722 1919 metallis
734 1885 867 1930 liquidis
877 1882 1121 1929 ,imi-nixusque
1134 1905 1144 1921 ‚
1156 1882 1211 1917 illa
1223 1883 1340 1928 {eparat
1352 1905 1362 1920 ,
1381 1894 1415 1916 ur
1426 1882 1481 1916 fibi
1495 1882 1622 1918 leorfim
1633 1896 1717 1919 con-

40 1941 170 1976 iungat,
181 1931 268 1976 quod
281 1932 385 1967 rursus
396 1932 507 1966 referri
519 1934 619 1978 potest
632 1936 666 1967 in
675 1936 887 1979 aptitudinem
898 1934 999 1967 stanni
1010 1954 1020 1969 ‚
1033 1941 1067 1965 ut
1077 1934 1111 1965 iu
1121 1931 1324 1978 reliquorum
1335 1942 1432 1977 poros
1444 1931 1564 1976 iubeat.

148 1980 325 2014 Conclufio
337 1986 440 2020 tertia,
493 1981 666 2017 plumbum
680 1984 723 2018 est
741 1982 905 2017 metallum
920 1982 937 2015 a
951 1981 1093 2027 plurimo
1102 1981 1202 2014 crasso
1219 1984 1253 2015 δε
1273 1982 1381 2014 minus
1391 1990 1472 2026 puro
1482 1992 1617 2027 argento
1625 1984 1718 2023 vivo,

40 2029 73 2062 ὅτ
85 2031 234 2073 pauciore
245 2027 416 2065 faeculento
430 2035 464 2064 δε
473 2033 628 2066 adurente
642 2033 792 2079 (ulphure
804 2042 1019 2080 procreatum.
1073 2031 1168 2064 Unde
1181 2030 1303 2064 multus
1313 2029 1360 2063 illi
1372 2030 1492 2064 humor
1517 2033 1549 2065 &
1562 2031 1718 2078 superflu-

39 2088 94 2110 um
107 2077 367 2125 phlegmainest,
387 2081 553 2127 multaque
564 2082 646 2115 terri
656 2081 787 2116 constat.
840 2080 915 2126 Ipsae
929 2081 1035 2113 scoriae
1054 2082 1086 2113 δε
1101 2077 1192 2113 faeces
1203 2102 1213 2118 ,
1231 2091 1302 2126 quae
1314 2079 1542 2125 relinquuntur
1555 2103 1565 2119 ‚
1584 2083 1718 2128 quando

39 2124 181 2172 liquatur
194 2151 204 2165 ,
219 2130 408 2176 (atatguunt
419 2133 591 2164 maximam
609 2131 701 2175 hujus
715 2130 835 2165 metalli
846 2131 1031 2165 cruditatem
1042 2151 1052 2167 ‚
1065 2131 1097 2162 δε
1109 2127 1334 2175 ίωρεῐὶοᾶετη
1346 2131 1608 2169 εοῃεοᾶὶοῡοω.
1646 2133 1720 2165 Un-

43 2177 84 2209 de
93 2178 187 2210 etiam
201 2189 268 2211 non
279 2180 407 2212 iustinet
421 2183 532 2226 ignem
550 2192 584 2214 ut
604 2193 718 2215 aurum
729 2204 738 2218 ‚
750 2182 802 2215 (ed
815 2178 969 2214 facillime
979 2177 1024 2211 ob
1034 2177 1171 2212 multum
1183 2178 1278 2212 eriam
1290 2177 1461 2213 humorem
1474 2178 1628 2223 liquescit,
1637 2180 1720 2215 &ab

41 2226 120 2271 igne
131 2225 359 2274 absumptum,
380 2229 399 2262 fi
414 2230 533 2264 diutius
555 2231 588 2264 in
601 2242 640 2263 eo
650 2241 796 2267 maneat,
816 2231 851 2263 in
863 2231 985 2263 cineres
994 2228 1171 2274 redigitur3
1200 2239 1300 2273 quare
1321 2229 1469 2263 omnium
1490 2228 1720 2265 Metallorum„

40 2275 261 2310 mollissimum
271 2278 326 2312 est.
366 2279 544 2316 Maioribus
555 2279 678 2313 constat
689 2283 778 2324 poris
792 2302 801 2317 ‚
822 2289 903 2322 quos
926 2276 947 2311 fi
960 2279 1012 2311 aEr
1021 2287 1191 2322 occuparer
1202 2299 1213 2315 ‚
1233 2279 1266 2310 &
1278 2288 1346 2310 non
1357 2277 1471 2311 crassus
1482 2277 1603 2311 humor
1614 2301 1623 2316 ,
1636 2278 1721 2313 foret

38 2324 243 2365 leviffimum,
262 2359 273 2369 ‚
297 2328 433 2372 Propter
445 2328 618 2363 secundum
633 2330 804 2362 humorem
817 2327 938 2375 frigidae
952 2327 994 2361 est
1005 2329 1038 2360 &
1048 2325 1252 2373 astringentis
1263 2337 1381 2360 naturae
1391 2350 1401 2366 ,
1411 2327 1497 2360 unde
1508 2326 1722 2374 superimpo-

39 2374 131 2410 fitutn
145 2377 237 2420 capiti
249 2375 409 2411 calvitiem
420 2378 563 2415 inducit,
588 2379 626 2411 εὸ
637 2378 724 2424 quod
737 2389 835 2424 poros
845 2378 956 2421 capitis
967 2376 1109 2410 obstruat
1119 2398 1129 2413 ‚
1149 2387 1183 2409 ut
1194 2376 1300 2410 succus
1316 2374 1529 2411 alimenririus
1541 2378 1721 2411 nutriendis

38 2424 114 2471 pilis
127 2423 313 2460 necessarius
327 2427 431 2461 (ubire
443 2439 510 2460 non
523 2428 623 2473 poffir,
653 2429 742 2461 Hinc
753 2431 785 2461 &
798 2427 949 2461 mortaria
961 2437 1056 2470 atque
1068 2424 1176 2468 pistilli
1186 2437 1225 2458 ex
1236 2436 1276 2458 eo
1288 2424 1408 2459 confici
1418 2424 1538 2464 iolenv,
1554 2427 1587 2459 in
1599 2425 1719 2472 quibus

0 2485 25 2498 ν’
43 2472 65 2515 fi
78 2485 219 2508 terantur
230 2475 374 2520 liquores
386 2500 396 2514 ,
408 2481 461 2522 qui
475 2490 513 2510 ex
524 2475 687 2522 utriusque
697 2479 851 2510 oriuntur
862 2474 1002 2508 mixturzi
1013 2498 1022 2512 ‚
1033 2473 1220 2520 frigidiores
1232 2474 1325 2509 fiunt.
1379 2474 1437 2508 Ob
1448 2476 1583 2509 eandem
1594 2476 1718 2509 caulam

43 2522 168 2557 utiliter
180 2525 372 2559 admovetur
392 2525 536 2564 renibus,
555 2537 588 2560 ut
600 2526 730 2560 castitati
743 2524 935 2559 consuletur.
961 2527 1006 2557 lta
1019 2523 1142 2558 Calvus
1155 2524 1277 2558 Orator
1290 2546 1300 2562 ,
1317 2534 1352 2557 ut
1363 2524 1492 2558 testatur
1507 2524 1649 2562 Plinius,
1662 2535 1720 2557 co·

40 2573 148 2607 hibuit
161 2573 330 2608 libidinem
346 2598 356 2612 ,
375 2587 408 2608 ut
421 2577 504 2609 vires
517 2577 663 2621 corporis
674 2576 849 2611 studiorum
869 2573 971 2607 labori
985 2572 1168 2607 custodiret.
1221 2574 1310 2608 ldem
1323 2573 1367 2607 est
1386 2575 1531 2620 antiquis
1556 2572 1696 2606 Athletis
1710 2595 1723 2611 ,

42 2625 77 2659 ut
90 2625 194 2660 inquit
216 2625 246 2656 Ρ.
265 2625 454 2658 Honoratus
467 2623 581 2661 Fabri,
598 2625 636 2658 ad
650 2625 819 2658 servandas
839 2626 981 2670 integras
993 2623 1076 2656 vires
1099 2622 1244 2656 solemne
1255 2622 1329 2661 fuit,
1361 2622 1475 2657 Mufici
1489 2632 1622 2667 quoque
1639 2620 1722 2656 illud

43 2673 170 2721 proteri
181 2673 403 2717 imposuerunt
412 2675 449 2707 ad
460 2673 577 2709 melius
589 2677 709 2708 cantica
721 2674 919 2708 decantanda
930 2696 939 2710 ,
951 2682 1036 2716 quos
1049 2695 1058 2710 ,
1070 2682 1105 2705 ur
1117 2672 1244 2706 dulcius
1257 2683 1399 2710 caneret,
1411 2674 1550 2705 imitatus
1561 2670 1604 2703 est
1617 2671 1723 2710 Nero⁶

45 2726 208 2760 Suetonius
217 2725 249 2755 in
260 2726 395 2762 Nerone,
448 2722 568 2756 Verum
581 2734 652 2756 non
665 2724 766 2757 (olum
779 2726 871 2759 voci,
885 2721 936 2755 fed
947 2724 979 2754 &
992 2720 1173 2758 stomacho,
1184 2724 1218 2755 δε
1233 2720 1443 2767 pulmonibus
1454 2718 1658 2753 conducibile
1666 2720 1725 2759 est,

45 2773 117 2808 cum
130 2772 312 2810 humectet,
326 2775 359 2806 δε
371 2772 473 2806 dulcis
488 2770 543 2805 suu
558 2772 732 2818 refrigerio
745 2772 916 2818 pulmones
934 2771 1095 2809 restauret,
1123 2771 1264 2805 Vulnera
1285 2772 1400 2816 pariter
1412 2768 1553 2806 exficcat,
1564 2779 1631 2802 non
1649 2771 1724 2815 qui-

45 2827 119 2858 dem
133 2821 304 2855 humorem
316 2821 520 2856 extrahendo
530 2846 540 2860 ,
552 2822 603 2856 led
613 2821 814 2857 obstruendo
826 2831 924 2868 poros
947 2823 1003 2854 luo
1014 2819 1136 2867 frigore
1146 2820 1306 2867 simulque
1317 2818 1611 2853 inflammationem
1625 2819 1723 2865 partis

47 2874 125 2908 laeioe
144 2872 379 2917 extinguendo,

150 2922 210 2954 His
222 2921 338 2954 metito
352 2923 384 2954 ὃς
396 2919 566 2965 sequentes
587 2921 839 2955 annumerandae
859 2920 930 2954 lunt
938 2916 1119 2965 qualitates.
1174 2917 1284 2952 Primo
1304 2915 1504 2951 obtufiorem
1518 2916 1632 2956 ionum
1645 2916 1723 2951 red-

49 2974 96 3006 dit
112 2964 304 3017 fflumbum,
323 2972 481 3015 quocirca
492 2972 589 3004 eriam
603 2981 729 3004 mutum
749 2969 916 3004 metallum
939 2970 1047 3003 vocari
1057 2967 1227 3003 consuevit
1248 2980 1264 3007 ,·
1291 2967 1378 3011 quod
1403 2968 1436 3000 in
1449 2964 1507 2999 illo
1516 2965 1636 3000 humor
1645 2974 1726 3013 praed

38 3015 155 3056 ‘valeat
165 3044 173 3057 ,
187 3021 220 3052 &
232 3031 334 3062 partes
349 3018 463 3053 habeat
477 3030 544 3053 non
556 3019 693 3054 multum
710 3019 902 3064 implicatas.
927 3017 1085 3056 Secundo,
1113 3016 1284 3061 Liquescit,
1296 3015 1346 3049 sed
1360 3020 1527 3062 nunquam
1537 3018 1725 3050 accenditur

52 3081 185 3116 propter
202 3067 430 3103 abundantiam
443 3069 601 3102 humoris.
654 3069 814 3115 Analogia
827 3068 870 3101 est
893 3070 926 3101 in
937 3079 1039 3113 aqua,
1056 3077 1126 3110 quae
1142 3063 1217 3098 licet
1237 3063 1469 3099 ferventiflirna
1483 3064 1538 3103 fir,
1557 3074 1725 3109 nunquam

54 3132 164 3155 tamen
173 3117 404 3158 inflammatur.
435 3113 439 3117 ⁴
458 3120 553 3162 Unde
563 3118 658 3152 etiam
672 3118 780 3152 charta
791 3115 929 3164 plumbo
938 3113 1187 3197 liquatog‘njeQa
1196 3136 1207 3153 ,
1216 3117 1262 3150 uti
1271 3116 1305 3149 δέ
1316 3113 1450 3164 sulphur
1458 3112 1607 3164 &pulvis
1615 3113 1726 3161 pyrius

1100 3173 1121 3197 Ο
1131 3173 1154 3200 2
1653 3170 1724 3199 nou
