2060 3444
640 170 998 245 Philosophico
1011 209 1028 216 -
1042 175 1265 228 Politiczi.
1739 186 1799 243 53

127 253 204 304 ipsae
214 255 376 291 columnae
387 260 576 294 marmoteae
586 257 804 307 subindeigne
815 261 878 294 hoc
889 260 1149 308 prosternantur.
1201 262 1304 296 Addit
1316 260 1480 297 schottus,
1512 257 1600 308 quod
1614 260 1707 294 Lauri
1726 261 1797 307 ple„

130 304 271 352 rumque
283 308 315 340 in
327 306 477 349 frutices,
497 308 570 342 raro
582 310 616 341 in
629 321 779 356 magnos,
803 310 1008 344 acterrestres
1019 320 1154 344 truncos
1168 311 1365 346 excrescant.
1415 310 1567 344 Testatur
1588 312 1621 342 δε
1637 311 1803 342 Vicomer-

130 355 650 403 catuscommenr.adcap.1o.l.
667 369 697 403 3.
717 361 944 393 Meteororum
960 359 1056 392 Arist.
1081 371 1199 405 paucos
1216 370 1290 392 ante
1308 371 1412 392 annos
1431 358 1581 405 (scripsit
1596 356 1653 391 sub
1672 361 1803 391 initium

127 406 334 449 praecedentis
344 404 468 451 saeculi)
480 405 606 439 laurum
617 406 656 439 de
666 406 750 440 coelo
762 410 879 440 tactam
891 406 1044 443 fulmine.
1097 408 1275 442 Etsortasse
1285 407 1403 441 millies
1416 408 1491 441 alias
1507 410 1566 441 hoc
1585 409 1735 453 contigit,
1746 417 1804 439 nec

126 462 236 487 tamen
246 466 303 488 aut
313 454 354 488 ab
365 454 552 488 horninibus
561 455 837 494 animadversum,
849 456 928 490 aura
939 457 1159 502 Scriptoribus
1170 460 1397 491 monumentis
1412 456 1573 491 librorum
1584 454 1800 489 commistum.

123 501 178 535 Ne
188 513 297 537 tamen
307 515 442 537 omnem
454 506 643 550 antiquitati
657 503 753 538 fidem
767 507 975 553 derogemus,
1000 504 1038 538 sit

267 550 446 586 Conclusio
460 552 588 589 nostra:
616 553 703 586 Licet
713 555 832 588 Laurus
843 552 966 601 lapsum
981 556 1215 600 totoimperue
1226 554 1310 589 coelo
1328 555 1362 588 in
1374 553 1403 587 se
1418 552 1543 588 fulmen
1556 553 1642 588 haud
1656 563 1802 587 avertere

123 599 236 646 poffit,
260 600 428 648 probabile
439 611 548 635 tamen
558 602 616 639 est,
645 600 811 648 pestiferas
824 607 909 650 ignis
924 601 1077 636 fulminei
1091 604 1317 638 exhalationes
1335 604 1351 636 εὶ
1372 603 1400 635 le
1417 615 1524 636 arcere
1544 602 1642 649 poffe.
1696 604 1798 637 Ratio

121 649 179 686 est,
206 654 283 695 quia
293 648 475 684 multorum
491 651 670 684 Austorum
685 650 844 685 sententia
858 652 916 690 est,
938 652 1067 685 laurum
1082 652 1255 698 presertim
1268 657 1427 688 virentem
1439 651 1569 697 copiola
1583 656 1616 685 ὃς
1627 652 1802 685 vehemen-

123 701 167 731 tia
177 698 345 744 spirituum
355 696 486 732 effluvia
498 700 515 732 ὲ
527 701 555 732 le
568 698 765 737 diffundere,
793 714 864 747 quae
877 699 1042 747 pestiferas
1053 705 1085 734 ἃ
1097 702 1304 750 contagiosas
1313 700 1540 735 exhalationes
1561 702 1667 734 aerem
1691 699 1799 734 infici-

120 747 365 794 entesabigunt,
417 747 474 781 Ob
494 760 595 794 quain
613 747 738 783 causam
760 749 842 784 lauri
861 762 969 783 ramos
982 753 1163 795 antiquitas
1184 748 1336 798 adigebat
1354 746 1678 783 domorumfovbus.
1731 747 1801 795 Ipse

121 799 220 830 etiam
234 800 414 842 Imperator
425 798 632 832 Commodus
644 823 651 834 ‚
675 800 869 832 Herodiano
886 800 962 833 teste
975 822 984 836 ,
1003 802 1208 846 contagionis
1227 812 1373 846 ternpore
1397 801 1430 832 in
1452 797 1559 832 laurea
1572 800 1671 832 vireta
1692 799 1801 831 Medi-

121 856 237 880 corum
250 844 388 879 consilio
406 846 535 883 secessit.
586 849 878 890 Quemadmodum
892 850 990 895 igitur
999 849 1130 881 [aurini
1144 850 1274 893 spiritus
1292 846 1475 894 pestilentes
1488 857 1598 880 arcent
1612 846 1742 884 halitus,
1755 849 1798 880 ita

122 893 193 928 fieri
207 897 340 941 poterit,
365 899 444 930 ut&
461 908 639 930 venenatos
649 896 798 932 fulminis
809 898 926 930 odores
943 897 959 931 31
976 898 1007 930 se
1028 897 1203 942 repellant.
1253 900 1290 931 Et
1309 898 1353 931 ob
1371 897 1433 931 hoc
1448 895 1516 930 fors
1538 896 1685 930 tradente
1704 893 1800 929 colu-

121 943 216 977 mella
227 942 358 990 gallinae
371 944 503 979 cubanti
516 944 631 979 laureae
645 945 762 980 ramuli
774 944 1001 991 subjiciuntur,
1020 957 1056 978 ut
1069 945 1262 992 lulphureos
1279 944 1428 979 fulminis
1440 945 1574 984 halitus,
1596 957 1635 978 ne
1651 957 1710 978 ova
1724 941 1800 978 infi-

117 995 224 1030 ciant,
238 1005 400 1028 avertant.
450 995 551 1029 Iidem
577 997 610 1030 ὃς
631 996 785 1029 vinorum
796 993 893 1034 vafis‚
912 1008 952 1029 ne
963 997 1092 1028 tonitru
1114 1001 1424 1043 corrumperentur,
1443 992 1700 1041 imponebantur
1711 995 1798 1027 anti-

118 1040 241 1088 quitus,
883 1083 885 1086 r

208 1086 346 1132 'Quaeres
356 1089 520 1131 secundo:
548 1093 640 1137 Qid
653 1092 859 1127 sentiendum
873 1093 913 1127 de
925 1092 1030 1128 vitulo
1046 1094 1174 1127 marino
1185 1117 1194 1132 ‚
1211 1095 1259 1127 uti
1272 1096 1305 1128 &
1317 1091 1405 1129 ficu?
1433 1089 1623 1138 Respondet
1633 1090 1797 1127 Plutarchi

115 1136 138 1172 l.
152 1139 354 1186 5.convival.
366 1143 491 1187 Qaest,
502 1144 613 1190 quaest.
628 1153 661 1188 9.
671 1141 989 1176 credunturarbores
1001 1143 1159 1185 ejulmodi
1180 1141 1322 1177 fulmine
1336 1155 1406 1176 non
1416 1139 1532 1180 afflari,
1557 1142 1605 1174 uti
1624 1152 1731 1187 neque
1745 1142 1796 1174 vi-

117 1188 176 1221 tuli
190 1191 305 1223 marini
318 1190 368 1225 vel
381 1194 644 1236 hyaenaecorium.
697 1193 786 1225 Hinc
801 1194 938 1225 tentoria
954 1191 1192 1238 lmperatorum
1206 1204 1246 1226 ex
1258 1191 1397 1238 pellibus
1412 1189 1509 1225 vituli
1522 1191 1641 1223 marini
1662 1190 1730 1223 fieri
1746 1188 1797 1222 so·

114 1235 239 1275 lebant.
290 1241 330 1273 Et
341 1239 451 1275 scribit
462 1243 656 1280 Suetonius,
677 1240 859 1287 Augustum
874 1239 1013 1274 multum
1028 1240 1108 1274 adeo
1119 1244 1140 1274 e‘
1182 1241 1279 1275 aviffe
1292 1239 1432 1274 fulmina
1443 1263 1452 1278 ,
1471 1243 1504 1274 δε
1517 1241 1715 1275 ῐοηὶῑῐυειωι·
1727 1249 1797 1272 eas-

114 1285 187 1319 dem
199 1285 324 1333 semper
336 1289 440 1324 lecum
456 1289 699 1326 circumferret.
752 1285 852 1323 Hunc
864 1290 1038 1323 :emulatus
1055 1279 1238 1336 Iinpei‘dtor
1256 1291 1393 1324 Severus
1410 1301 1449 1323 ex
1464 1288 1576 1322 eadem
1595 1289 1729 1321 materia
1747 1285 1797 1321 le-

114 1335 229 1370 &icam
245 1338 481 1373 lua'minsterni
495 1340 657 1386 praecepit.
698 1338 852 1372 'Causam
867 1334 966 1377 vero,
985 1338 1055 1385 quo
1071 1340 1109 1372 ad
1123 1338 1349 1372 vitulimarini
1361 1337 1478 1385 pellem
1496 1334 1708 1371 somniabant
1736 1348 1796 1383 po-

111 1383 277 1420 rositatern
287 1389 354 1431 ejus
363 1388 445 1427 elle,
464 1400 535 1435 qua:
552 1387 646 1422 facile
669 1385 764 1421 illaesa
778 1399 852 1422 cute
870 1386 1001 1421 fulmen
1016 1390 1220 1422 transmittit.
1272 1388 1375 1434 Qod
1393 1386 1470 1421 vero
1484 1384 1564 1419 ficus
1585 1384 1624 1417 de
1636 1385 1799 1418 coelonon

113 1436 279 1480 ‘mgnum
295 1432 460 1472 existimat
474 1437 596 1472 Caelius
609 1437 825 1485 Rhodi'ginus
837 1436 860 1474 l.
878 1438 929 1474 18.
947 1440 1113 1484 Antiquit.
1132 1449 1160 1470 c.
1175 1436 1434 1481 9.amaritudini
1451 1435 1518 1477 ejus
1536 1432 1796 1467 attribuendum.

114 1483 239 1518 Verum
250 1485 305 1519 has
315 1489 458 1521 rationes
471 1498 570 1521 nemo
580 1497 648 1520 non
663 1487 752 1520 videt
762 1485 823 1519 effe
834 1485 957 1521 futiles.
987 1487 1076 1520 Nam
1086 1489 1125 1520 ex
1134 1489 1237 1532 prima
1251 1486 1437 1523 deducitur,
1455 1495 1512 1517 nec
1522 1481 1666 1519 vitulum
1679 1481 1799 1528 ipsum,

112 1531 295 1571 accillum,
320 1537 378 1583 qui
391 1539 458 1581 ejus
470 1538 596 1570 exuviis
609 1537 755 1582 tegitur,
775 1534 1117 1570 afulr‘nineimmunes
1129 1534 1210 1573 else,
1235 1532 1515 1581 penetrabirenim
1533 1532 1801 1565 adinterioraex-

111 1581 233 1616 halatio
257 1582 418 1618 fulminea
446 1608 456 1624 ,
479 1589 514 1620 ἃ
533 1587 701 1619 recondita
726 1583 785 1618 sub
800 1584 1040 1630 pelleperimet.
1092 1586 1138 1618 Ex
1154 1584 1292 1618 secunda
1303 1585 1422 1630 pariter
1437 1579 1709 1628 sequiturmultas
1720 1579 1799 1613 alias

111 1629 272 1666 herbas&
296 1631 431 1669 frutices
449 1633 950 1680 potiorijutedebereimmunes
963 1632 1025 1667 effe
1042 1633 1168 1679 abigne
1179 1631 1381 1667 fulminante
1407 1655 1417 1670 ‚
1443 1629 1561 1677 utpote
1580 1628 1641 1663 ficu
1656 1628 1799 1675 longea·

112 1683 281 1718 mulotes·-
332 1682 429 1717 Unde
440 1682 608 1718 conclusio
623 1683 730 1729 nostra
742 1683 799 1722 est,
825 1681 1014 1717 fabularum
1029 1682 1152 1728 syllabo
1163 1693 1343 1728 utrumque
1357 1679 1566 1723 inserendum
1577 1677 1651 1715 elle.

208 1730 338 1777 Collige
350 1743 458 1768 tamen
474 1741 514 1767 ex
530 1732 769 1767 ParteSchotto
796 1757 805 1773 ‚
831 1731 957 1767 famam
978 1731 1064 1766 hanc
1089 1737 1123 1767 δε
1135 1733 1328 1777 opinionem
1341 1730 1379 1764 de
1388 1726 1494 1765 vitulo
1515 1725 1730 1761 marinoinde
1742 1737 1797 1759 or-

111 1786 192 1816 t³m2
216 1780 308 1827 quod
321 1794 444 1817 tantam
459 1786 570 1817 iseum
585 1786 665 1816 mari
678 1781 832 1828 habeats)
842 1781 1039 1827 mathiam,
1067 1792 1103 1815 ut
1120 1781 1286 1829 pilietiarjn
1309 1780 1468 1814 excoriati
1486 1775 1649 1814 animalis,
1677 1774 1799 1809 fimare

111 1827 326 1865 turbatumin
338 1832 583 1878 fludimslurgir,
610 1833 801 1879 erigantur3
833 1830 854 1863 fi
868 1829 1002 1868 defidit,
1022 1830 1226 1868 sternantur:
1256 1842 1295 1863 ex
1313 1841 1382 1875 quo
1394 1827 1519 1861 faecum
1540 1849 1551 1865 ‚
1577 1836 1613 1859 ut
1628 1836 1666 1857 cx
1678 1825 1798 1856 horum

110 1876 258 1922 pilorum
269 1892 452 1915 mutatione
462 1905 472 1920 ,
493 1884 575 1914 a'eris
585 1883 727 1914 mutatio
738 1879 951 1926 colligeretur
961 1890 1029 1912 tam
1042 1881 1122 1912 mari
1133 1901 1143 1917 ,
1161 1879 1263 1925 quam
1277 1889 1377 1912 terra.
1405 1879 1450 1909 Ut
1467 1877 1567 1919 igitur
1576 1875 1798 1907 mutationem

112 1925 195 1959 aeris
206 1928 462 1975 cognoscerent,
484 1933 517 1964 ὃ(
533 1930 708 1962 instantem
721 1929 945 1974 tempestatem
959 1926 1113 1975 fugerent
1140 1949 1149 1963 ‚
1176 1925 1298 1973 quibus
1309 1926 1415 1958 modis
1427 1923 1556 1970 pollent
1582 1945 1592 1960 ,
1621 1933 1691 1956 tum
1705 1923 1800 1959 mati,

112 1983 182 2008 tum
197 1979 305 2026 tertiig
331 1977 478 2013 solebant
495 1989 600 2012 nautae
610 1980 643 2011 in
659 1976 809 2014 navibus,
828 1975 985 2009 aliidomi
1005 2000 1014 2013 ,
1032 1979 1066 2009 &
1089 1974 1173 2009 fotis
1184 1975 1302 2021 pellem
1324 1976 1440 2007 marini
1460 1971 1556 2006 vituli
1577 1970 1803 2006 circumferre.

113 2025 200 2059 Hinc
216 2027 340 2062 laetum
355 2028 514 2075 paulatim
527 2050 537 2064 ‚
553 2038 590 2061 ut
602 2039 637 2060 ea
647 2030 714 2061 vim
734 2025 853 2060 habere
866 2025 1105 2059 averruncandi
1120 2023 1265 2058 fulmina
1277 2024 1483 2059 crederetur,
1507 2021 1659 2067 ideoque,
1671 2022 1804 2053 summae

113 2072 261 2109 velorum
288 2088 413 2123 partes,
441 2082 474 2112 δε
494 2076 701 2110 tabernacula
714 2099 725 2114 ,
742 2078 776 2109 δέ
792 2075 915 2108 Ιεέὶίεκ
933 2085 1138 2121 tegerentur,
1164 2075 1207 2107 ita
1226 2074 1392 2108 schottus.
1444 2069 1631 2106 Observant
1653 2068 1804 2114 praeterei

112 2122 448 2162 Conimbricensesde
460 2127 521 2160 hoc
536 2125 681 2163 animali.
709 2126 758 2158 uti
776 2128 810 2159 &
822 2124 861 2157 de
870 2120 978 2170 aquila
988 2122 1093 2157 rarius
1107 2134 1142 2156 ea
1157 2125 1246 2169 tangi
1261 2120 1401 2155 fulmine
1421 2133 1460 2154 cx
1472 2132 1531 2163 eo,
1559 2119 1651 2165 quod
1670 2118 1716 2150 hae
1731 2119 1805 2149 ani·

113 2183 238 2208 mantes
249 2178 348 2210 tacito
359 2187 480 2210 naturae
491 2173 651 2210 instintstu
663 2172 852 2222 ptaesagiant
866 2172 1006 2207 fulmina
1021 2195 1030 2210 ,
1047 2171 1144 2219 seque
1153 2183 1210 2219 per
1223 2172 1256 2205 id
1268 2172 1441 2218 tempusin
1451 2166 1660 2205 abditiffima,
1685 2164 1805 2200 tutissi-

114 2219 312 2270 ma-queloca
326 2228 496 2273 recipiant.
1113 2264 1115 2267 .
1247 2262 1248 2265 η

214 2275 348 2316 Quaeres
359 2276 458 2310 tertio
471 2286 484 2313 2
515 2276 564 2312 Αῃ
575 2276 661 2312 idem
677 2272 882 2319 opinandum
896 2271 935 2305 de
951 2281 1093 2318 quercu,
1112 2268 1290 2316 hyacintho
1305 2273 1340 2305 &
1354 2266 1505 2304 corallo?
1533 2263 1740 2318 Respondet>x
1754 2261 1804 2297 af-

116 2317 296 2361 firmative,
315 2324 382 2362 haec
396 2327 507 2359 omnia
524 2324 644 2362 scilicet
659 2327 749 2359 inter
760 2323 934 2356 Poetarum
954 2320 1069 2354 deliria
1096 2321 1298 2354 numeranda
1317 2316 1379 2352 effe
1405 2341 1415 2356 ,
1449 2315 1525 2350 cum
1548 2315 1596 2349 bis
1607 2317 1747 2348 maxime
1765 2312 1805 2346 de

116 2381 238 2414 quercu
247 2377 450 2409 contrarium
465 2374 562 2410 obvia
573 2377 702 2410 evincat
715 2372 916 2417 experientia
936 2380 947 2415 ς
976 2370 1143 2417 quidquid
1155 2367 1310 2403 reclamet
1320 2366 1435 2402 contra
1452 2364 1606 2401 Albertus
1618 2367 1665 2398 M.
1677 2366 1709 2398 &
1722 2363 1808 2396 Car»

115 2418 233 2456 danus.
283 2424 369 2469 Qis
381 2426 469 2458 enim
484 2435 550 2460 tam
560 2424 680 2459 bardus
693 2421 794 2456 fuerit
822 2422 887 2466 (ait
905 2419 1045 2467 Scaliger
1060 2419 1099 2454 de
1112 2418 1296 2457 hyacintho
1311 2418 1451 2451 Exercit.
1469 2427 1482 2452 1
1494 2426 1507 2451 1
1518 2415 1571 2458 3.)
1597 2424 1634 2447 ut
1644 2424 1703 2459 pro
1712 2418 1803 2468 certo

115 2465 233 2503 habeat
246 2492 255 2506 ‚
273 2473 396 2507 'tantam
408 2476 474 2507 vim
487 2477 589 2509 arceri
610 2471 698 2520 posse
709 2470 843 2505 tantillo
859 2467 1003 2503 frustillo
1012 2467 1120 2503 nescio
1134 2468 1222 2508 cuius
1233 2468 1344 2505 vitri?
1393 2463 1597 2510 praesentiam
1609 2463 1700 2508 Jovis
1723 2471 1805 2494 iram

114 2515 303 2558 debilitari,
327 2520 491 2561 absentia,
517 2534 574 2558 aut
590 2519 924 2556 amotioneresumere
936 2521 1038 2556 vires,
1065 2520 1214 2552 animum
1229 2514 1414 2564 colligere?
1779 2550 1781 2554 Α

169 2606 171 2609 ,
211 2569 344 2612 Qzaeres
357 2572 496 2618 quarto:
523 2575 593 2608 Cur
610 2569 690 2606 feles
705 2594 714 2608 ‚
736 2581 831 2604 canes
844 2591 853 2606 ‚
878 2571 911 2602 &
930 2578 1032 2613 caprae
1049 2564 1201 2601 fulminis
1216 2565 1338 2600 ictibus
1357 2563 1463 2612 magis
1476 2561 1633 2601 obnoxii,
1651 2555 1808 2616 utsedula

115 2613 206 2650 dedit
218 2616 426 2655 observatio?
452 2621 541 2656 unde
554 2623 643 2656 canis
658 2630 780 2654 naturae
794 2617 953 2652 instinctu
963 2627 1101 2651 tonante
1111 2615 1197 2650 coelo
1207 2614 1265 2662 sub
1278 2616 1453 2649 hominum
1468 2614 1564 2660 pedes
1574 2609 1765 2645 reconditus
1777 2620 1814 2641 a·

115 2662 221 2709 sylum
236 2671 366 2713 quaerit.
419 2669 618 2718 Respondeo
627 2683 666 2704 ex
681 2679 789 2703 mente
801 2663 998 2704 ss³rtholini‚
1019 2665 1147 2700 causam
1160 2668 1194 2699 in
1207 2664 1329 2699 halitus
1338 2677 1377 2698 ex
1392 2662 1586 2697 animalium
1602 2660 1722 2714 borum
1735 2668 1812 2713 cor-

115 2714 253 2760 poribus
265 2718 452 2753 exhalantes
462 2720 699 2764 conficiendam
710 2717 785 2755 effe,
811 2726 895 2763 quos
922 2726 1080 2762 tanquam
1101 2717 1269 2749 materiam
1291 2724 1467 2761 cognatam
1482 2736 1490 2751 .
1510 2715 1544 2745 &
1565 2717 1811 2742 nutssmentum

115 2762 251 2811 aliquod
266 2791 272 2801 ‚
295 2767 444 2802 fulminis
458 2770 589 2814 spiritus
605 2793 616 2808 ,
634 2768 723 2803 fores
739 2767 916 2813 praelettim
929 2763 949 2799 fi
963 2775 1115 2812 pateant,
1133 2776 1169 2799 ut
1180 2763 1283 2799 libere
1294 2766 1328 2797 in
1339 2763 1446 2797 aerem
1459 2762 1605 2794 ferantur
1627 2779 1637 2794 ‚
1665 2754 1813 2801 sequun-

118 2821 183 2848 tur.
234 2818 322 2851 Hinc
337 2816 418 2852 feles
429 2823 462 2852 in
472 2818 587 2854 limine
600 2828 785 2865 tanguntur
798 2813 976 2862 laepiffime.
1029 2815 1138 2849 Canes
1149 2821 1258 2848 autem
1269 2813 1394 2846 odoros
1406 2809 1467 2845 elle
1480 2831 1490 2846 ³
1509 2807 1626 2841 odor-'²⁵
1636 2808 1670 2839 &
1683 2815 1809 2850 capras,

119 2864 194 2908 quis
205 2865 270 2904 est,
289 2869 347 2914 qui
359 2860 511 2906 nesciat?
537 2870 666 2906 Felesin
681 2877 772 2901 tanta
783 2867 874 2910 copia
885 2876 941 2909 per
952 2874 1050 2909 poros
1062 2861 1232 2898 effundere
1248 2860 1380 2897 effluvia
1397 2855 1646 2912 exhalationutn
1675 2870 1685 2892 ⁷,
1710 2865 1748 2887 ut
1773 2856 1809 2888 &

119 2909 271 2950 homines
282 2916 419 2963 quidam
432 2918 470 2950 ad
483 2917 617 2953 illorum
632 2914 834 2964 praesentiam
846 2912 1033 2960 deliquium
1045 2915 1213 2960 patiantur
1226 2936 1236 2951 ,
1259 2915 1292 2946 ὃς
1305 2905 1529 2957 generosiores
1546 2916 1624 2964 “1⁰¹
1636 2927 1646 2943 2
1665 2900 1723 2936 etfi
1736 2914 1812 2959 21¹¹.-

119 2961 213 2996 malia
224 2964 290 3000 haec
304 2969 338 3001 in
351 2979 449 3000 curru
458 2965 716 3004 abscondantur,
745 2962 898 2999 sudorem
919 2960 1015 2996 anxie
1030 2964 1186 2996 emittant
1201 2985 1210 3001 ,
1230 2958 1432 3006 experientia
1457 2967 1519 2990 nos
1537 2959 1710 3011 plusquam
1735 2951 1811 3009 latis

121 3008 228 3049 docet.
277 3017 398 3050 Datam
410 3027 519 3051 tamen
530 3019 691 3051 rationem
703 3016 747 3049 ita
758 3010 990 3048 verificandam
1001 3017 1076 3046 'reor
1085 3033 1095 3050 ,
1119 3010 1195 3045 cum
1207 3006 1333 3054 delapsa
1345 3005 1477 3040 flamma
1487 3002 1649 3059 fulminea
1661 3001 1758 3058 didius
1775 3012 1812 3034 a·

120 3060 297 3099 nimalibus
307 3065 532 3112 propinquius
548 3065 577 3099 se
590 3061 876 3099 aliundeinfinuat
887 3090 900 3110 ‚
918 3072 977 3095 nec
988 3063 1078 3095 enim
1094 3057 1251 3094 credibile
1268 3056 1334 3094 est,
1357 3066 1493 3102 vapores
1503 3065 1544 3088 ex
1564 3049 1726 3110 ejusmodi
1737 3061 1812 3098 par-

122 3109 172 3142 'VIS
180 3113 402 3149 animantibus
422 3115 462 3149 eo
475 3118 508 3150 in
520 3114 623 3150 altum
634 3110 814 3160 ferripoffe
825 3134 834 3149 ‚
851 3121 886 3145 ut
895 3109 1025 3145 fulmen
1034 3108 1211 3145 deciduum
1225 3118 1303 3140 mox
1313 3103 1428 3151 adipsa
1438 3104 1672 3138 determinent.
1733 3101 1815 3133 Pro-

122 3156 232 3196 babile
244 3164 396 3209 praererea
410 3164 576 3208 valdeest‚
594 3174 631 3201 ut
644 3163 831 3198 communis
847 3158 914 3196 fert
931 3161 1050 3208 opinio
1067 3176 1079 3200 ·‚
1097 3155 1258 3242 animalia
1276 3153 1415 3202 nempe,
1441 3162 1513 3201 <1⁸¹2
1530 3161 1642 3190 ‘nem'
1667 3148 1813 3231 “3:¹15ss

1156 3215 1175 3249 3
