2060 3444
323 167 432 223 223
959 156 1329 229 Meteot'ol‘ogta

413 238 594 277 Conclusio
604 242 732 289 quinta.
756 242 858 283 Licet,
886 252 923 277 ut
933 242 1056 278 dictum
1065 243 1110 278 est
1118 266 1128 282 ,
1157 239 1310 276 omnibus
1319 233 1609 286 anni‘temporibus
1619 236 1988 292 huiusmodi‘terrame·

318 301 372 325 tus
381 292 548 329 accidant,
578 291 860 326 ordinarietamen
875 302 1036 326 autumno
1049 315 1059 331 ,
1082 302 1138 327 aut
1158 302 1236 326 vere
1247 292 1455 337 contingunt.
1501 289 1540 322 Et
1550 286 1589 320 de
1599 298 1673 321 vere
1685 288 1814 333 quidem
1828 297 1911 320 ratio
1921 285 1984 322 est,

316 342 393 386 quia
405 340 469 374 hoc
480 351 629 386 tempore
642 339 751 386 plures
760 340 981 375 exhalationes
998 344 1181 388 gignuntur
1192 363 1202 380 ‚
1228 338 1321 372 sicuti
1332 339 1477 372 videmus
1489 359 1499 375 ‚
1523 336 1561 369 ad
1574 335 1668 381 pedes
1676 335 1827 369 arborum
1839 333 1983 368 multum

312 387 333 421 ὲ
346 399 426 422 terra
439 386 522 422 fumi
532 398 719 435 evaporare.
768 389 920 436 Ct'imque
930 391 1025 423 etiam
1034 389 1097 436 ipsa
1107 389 1291 423 obstruatur
1302 398 1372 421 tum
1384 387 1401 421 ἓι
1420 385 1544 432 frigore
1553 407 1563 422 ‚
1589 395 1657 418 rum
1675 383 1715 416 ab
1727 386 1816 429 aquis
1826 396 1867 417 ne
1879 384 1982 416 exha-

315 437 375 470 lari
387 435 506 482 poffint
518 437 666 483 spiritus,
691 437 820 473 fituteo
830 450 977 484 tempore
988 442 1087 485 magis
1097 438 1196 485 quam
1207 436 1278 470 aliis
1295 446 1385 469 terrae
1410 445 1520 468 motus
1541 442 1750 480 generentur.
1784 433 1904 488 Eadem
1916 443 1980 478 pae-

314 485 356 519 ne
369 487 451 518 ratio
461 485 505 518 est
514 487 553 519 de
563 497 735 523 autumno.
761 490 796 521 In
808 487 911 521 aestate
919 497 1026 521 autem
1036 489 1171 521 rariores
1181 483 1255 519 sunt
1266 494 1472 518 terraemotus
1485 492 1618 528 propter
1627 479 1789 539 calorem,
1810 492 1867 527 qui
1878 490 1978 533 poros

314 544 405 566 terrae
419 536 561 580 appetit.
590 536 686 570 unde
698 537 858 584 quidquid
874 535 918 569 est
931 534 1101 582 spirituum
1115 545 1171 569 aut
1183 544 1357 568 ventorum
1374 531 1527 566 subterra
1540 529 1716 564 εοΙῙεόὶ-ιιῑη
1729 528 1870 584 exnalat.
1904 531 1977 583 Nec

311 582 427 625 hyeme
440 582 525 617 fiunt
544 595 617 618 cum
631 596 762 631 propter
774 582 975 619 debilitatem
988 584 1102 618 caloris
1118 607 1128 622 ,
1155 594 1226 617 tum
1242 583 1318 629 quia
1337 579 1448 616 clausis
1464 592 1530 628 prae
1540 578 1667 626 frigore
1687 589 1776 624 poris
1788 587 1878 611 tetrae
1891 577 1976 612 nulli

311 631 495 666 excitantur
506 631 621 673 flatus,
648 633 754 668 multo
769 633 878 667 minus
890 635 981 680 rigor
993 634 1116 680 hyemis
1130 630 1316 678 spirationis
1325 640 1454 668 evocat.
1944 676 1951 683 ·

405 680 560 714 Praeterea
569 680 674 716 solent
692 685 789 716 etiam
801 693 892 716 terrae
912 693 1018 718 motus
1040 684 1231 728 contingere
1239 678 1323 714 coelo
1332 677 1472 714 maxime
1482 675 1706 724 tranquillo&
1717 685 1844 723 pacato,
1876 675 1976 709 Ratio

309 726 377 764 est,
403 731 481 774 quia
502 729 685 769 exhalatio,
709 743 780 778 quae
798 730 929 765 deberet
950 729 1037 765 foras
1050 731 1178 776 prodire
1194 733 1228 764 δε
1248 729 1388 763 excitare
1410 738 1525 762 ventos
1535 729 1569 761 in
1582 729 1655 760 ae're
1667 726 1765 771 serpit
1781 727 1867 758 intra
1888 733 1978 781 tetrae

308 774 441 814 Viscera.
489 780 621 813 Accedit
633 790 739 813 tamen
752 779 941 827 aliquando,
952 791 988 814 ut
1002 791 1090 814 terrae
1104 790 1212 813 motus
1222 777 1280 811 fiat
1290 787 1388 812 vento
1405 776 1523 816 flante,
1547 778 1624 822 quia
1635 773 1901 832 ficutaliquando
1922 785 1977 806 aer

305 826 452 871 agitatur
466 831 571 861 ventis
583 830 755 862 contrariis
781 852 792 868 ,
848 828 986 875 eoquod
995 829 1072 863 dum
1084 831 1117 862 in
1127 840 1193 862 uno
1203 825 1276 860 loco
1285 825 1449 860 exhalatio
1458 826 1601 871 concipit
1612 834 1742 858 motum
1755 820 1864 857 versus
1875 833 1974 856 unam

306 877 482 918 partermin
496 876 643 909 alioloco
656 877 820 911 exhalatio
830 880 974 923 concipit
991 888 1117 911 motum
1137 875 1245 910 versus
1262 873 1360 909 aliam
1374 874 1522 921 partem}
1547 873 1587 906 fic
1599 872 1765 907 exhalatio
1775 870 1880 906 clausa
1891 873 1977 927 intra.

306 933 426 956 terram
459 926 493 956 in
516 936 582 958 uno
606 924 679 959 loco
699 928 842 973 concipit
860 937 1008 964 motum,
1041 938 1096 972 pet
1113 937 1209 972 quern
1228 923 1413 971 egrediatur
1432 934 1567 956 exterra
1580 920 1734 956 &causet
1755 930 1913 964 ventur-113
1939 931 1975 975 in

302 970 370 1003 alio
380 974 524 1019 concipit
534 984 661 1007 motum
672 974 779 1008 versus
790 986 880 1009 rerrae
893 975 1009 1008 viscera
1024 997 1034 1012 ‚
1060 978 1094 1009 &
1114 971 1221 1007 caniat
1238 983 1468 1008 terraemotum.
1518 972 1740 1005 Tettaemotus
1760 981 1891 1007 tamen,
1916 978 1976 1015 qui

304 1018 390 1053 fiunt
402 1022 474 1054 a‘cte
486 1022 665 1068 tranquillo
678 1022 781 1057 solent
793 1023 854 1057 elle
866 1026 1001 1066 majores
1012 1046 1022 1062 ,
1041 1025 1118 1070 quia
1130 1034 1199 1056 tum
1212 1032 1277 1056 tota
1287 1021 1451 1055 exhalatio
1464 1031 1610 1054 remanet
1624 1031 1707 1055 terra
1717 1018 1842 1058 inclusa
1852 1041 1862 1056 ,
1888 1021 1974 1064 quin

305 1079 378 1114 pars
389 1069 573 1116 egrediatur
586 1071 623 1103 ad
636 1082 770 1105 ventum
786 1072 995 1107 causandum.
1694 1116 1701 1123 .
1730 1116 1736 1123 ι
1824 1117 1830 1123 ι

397 1117 554 1151 Crebrius
569 1121 667 1151 etiam
682 1121 784 1153 noctu
796 1120 893 1166 quam
903 1120 941 1153 de
951 1121 1025 1167 die;
1053 1119 1141 1166 quod
1155 1117 1175 1152 si
1191 1120 1286 1154 etiam
1297 1120 1335 1154 de
1343 1120 1394 1154 die
1405 1118 1608 1166 frequentius
1623 1115 1757 1149 meridie
1766 1115 1909 1148 accidere
1920 1113 1970 1147 so-

299 1163 378 1199 lent.
429 1168 528 1200 Ratio
540 1167 691 1211 primiest
705 1190 714 1204 ,
741 1179 871 1215 propter
884 1167 1015 1215 frigoris
1029 1166 1264 1214 antipcristafin
1279 1191 1289 1207 ,
1314 1167 1378 1215 quii
1400 1168 1532 1214 spiritus
1549 1169 1584 1200 in
1597 1164 1768 1211 angustum
1778 1167 1918 1210 cogitur,
1934 1167 1969 1198 &

301 1213 519 1248 excalefactus
538 1215 756 1262 disrumpitur
766 1239 775 1255 ,
812 1218 862 1251 vel
878 1217 962 1251 certc‘:
975 1240 985 1255 ‚
1011 1219 1088 1263 quia
1101 1217 1201 1250 noctu
1214 1220 1266 1250 ae'r
1275 1217 1355 1252 solet
1364 1216 1425 1251 effe
1436 1214 1645 1262 tranquillior
1659 1224 1789 1260 prepter
1800 1210 1968 1246 defectum

300 1262 384 1296 Solis
398 1265 564 1298 educentis
574 1264 797 1299 exhalationes
809 1266 919 1300 eterra
930 1289 939 1304 ,
968 1268 1053 1299 unde
1074 1277 1142 1299 rum
1154 1266 1293 1300 maxime
1305 1265 1433 1313 spiritus
1447 1263 1643 1298 subterranei
1654 1261 1787 1308 possunt
1797 1263 1969 1312 concipere

297 1321 428 1345 motum
443 1323 498 1357 per
508 1323 597 1346 tertae
608 1313 741 1351 viscera,
791 1317 892 1350 Ratio
902 1315 1030 1348 secundi
1043 1313 1106 1352 est,
1131 1317 1207 1361 quia
1221 1313 1305 1349 Solis
1313 1313 1398 1349 calor
1409 1326 1488 1348 tunc
1499 1314 1674 1347 maximam
1688 1313 1754 1344 vim
1766 1308 1863 1344 habet
1875 1310 1970 1354 spiri-

297 1369 349 1393 ως
358 1359 617 1400 exsuscitandi,&
628 1363 661 1396 in
670 1362 824 1409 majorem
834 1366 999 1397 raritatem
1009 1364 1206 1397 distrahendi
1218 1376 1231 1403 ς
1249 1364 1300 1398 vel
1313 1366 1424 1400 etiam,
1441 1364 1517 1410 quia
1526 1364 1592 1400 aer,
1601 1371 1671 1394 tum
1683 1358 1728 1393 est
1737 1357 1968 1418 tranquilliorx,

296 1409 397 1454 quam
413 1408 482 1442 aliis
494 1410 557 1443 diei
567 1410 723 1455 partibus.
795 1411 966 1446 Aliietiam
981 1411 1195 1451 volunt‚circa
1205 1424 1355 1448 auroram
1369 1411 1439 1446 fieri
1448 1412 1608 1445 maximos
1620 1419 1915 1454 terraemotus‚qu1a
1924 1419 1965 1440 eo

296 1456 497 1501 potissimum
509 1469 656 1504 tempore
665 1460 794 1505 spiritus
804 1463 994 1508 concipiunt
1004 1472 1131 1496 motum
1144 1483 1154 1500 ‚
1179 1461 1267 1496 unde
1284 1460 1306 1496 fi
1320 1473 1389 1496 non
1402 1460 1441 1495 ad
1454 1470 1542 1495 extra
1555 1458 1727 1505 prodiunt,
1737 1457 1789 1491 led
1803 1459 1892 1492 intus
1900 1454 1965 1490 ser-

294 1516 402 1551 punt,
430 1506 823 1547 concuslionesefficiunt.

385 1565 653 1604 observarunt&
662 1569 1011 1617 aliigterraemotusnon
1023 1571 1095 1605 raro
1105 1570 1170 1606 illis
1179 1573 1271 1605 annis
1282 1570 1502 1618 fieri‚quand0
1516 1569 1590 1605 sunt
1598 1567 1718 1605 crebrae
1730 1566 1870 1614 eclypses
1881 1571 1963 1607 Solis

291 1616 456 1661 imprimis
469 1618 564 1651 Lunae
574 1641 583 1658 ,
612 1620 687 1663 quia
700 1619 779 1652 dum
799 1618 908 1653 deficit
920 1620 1009 1653 calor
1021 1631 1188 1658 externus,
1212 1622 1269 1667 qui
1281 1620 1432 1667 alioquin
1449 1631 1566 1654 terram
1579 1621 1704 1665 aperire
1716 1628 1855 1665 poterat,
1867 1619 1960 1655 ciun-

292 1676 356 1708 que
370 1664 481 1698 lumen
491 1666 553 1699 hoc
565 1689 575 1704 ‚
599 1667 689 1712 quod
703 1667 885 1702 universam
899 1679 1046 1701 naturam
1063 1667 1163 1702 vcluri
1178 1668 1291 1714 spiritu
1301 1669 1390 1703 vitali
1400 1671 1483 1716 regit
1493 1672 1526 1702 &
1538 1667 1682 1702 vivificat
1693 1692 1704 1707 ‚
1728 1665 1890 1707 aufertur,
1902 1682 1963 1704 ne-

292 1710 432 1746 cesse-est
450 1736 460 1750 ‚
486 1714 656 1749 deficiente
665 1715 772 1750 calore
785 1740 795 1757 ,
820 1728 886 1750 non
899 1717 984 1750 recte
995 1718 1062 1764 regi
1074 1716 1231 1751 inferiora
1243 1740 1254 1756 ,
1279 1718 1331 1751 sed
1346 1717 1489 1764 aliquam
1502 1718 1719 1750 mutationem
1731 1719 1767 1750 &
1777 1718 1961 1753 motumil-

289 1760 493 1797 lisaccidete.

380 1809 560 1844 Conclufio
571 1808 666 1844 sexta.
718 1813 821 1856 Quod
834 1813 872 1847 ad
894 1824 1097 1847 terraemotus
1110 1813 1368 1861 magnitudinem
1380 1811 1500 1859 specstat
1514 1835 1524 1848 ,
1547 1812 1712 1848 ordinarie
1721 1825 1788 1847 non
1798 1813 1961 1849 concubia.

286 1868 338 1892 tur
350 1870 505 1904 magnum
518 1870 676 1893 terrarum
694 1857 830 1906 spatium
843 1885 851 1901 ‚
877 1867 935 1895 n‘ec
954 1874 1016 1895 una
1030 1865 1155 1908 integra
1168 1865 1270 1908 regio,
1306 1862 1474 1899 Ratioest,
1500 1865 1578 1907 quia
1596 1874 1654 1896 nec
1666 1873 1825 1901 cavetnae,
1835 1863 1957 1910 quibus

287 1907 414 1951 spiritus
427 1906 584 1941 diffluunt
595 1931 604 1945 ‚
623 1907 703 1942 adeo
716 1909 829 1955 amplae
843 1909 927 1946 sunt.
979 1911 1048 1944 Nec
1060 1921 1147 1943 tanta
1159 1910 1303 1956 spiritum
1314 1913 1448 1957 copiain
1459 1909 1566 1944 locum
1579 1922 1682 1945 unum
1693 1910 1859 1957 colligitur
1869 1934 1880 1950 ‚
1899 1924 1956 1948 aut

285 1957 351 1989 vim
363 1954 451 1989 suam
464 1967 528 1990 tam
543 1956 603 1990 late
613 1958 770 1996 extendit,
823 1959 968 2002 Qtando
977 1970 1084 1992 tamen
1099 1971 1234 1993 caverna
1251 1961 1365 2006 ingens
1377 1958 1519 1993 altislimi
1534 1958 1656 1993 defossa
1668 1961 1822 2006 proprior
1833 1959 1955 1997 scilicet

283 2015 375 2037 terrae
398 2016 514 2038 centro
540 2005 716 2040 constituta
736 2007 781 2040 est
800 2030 810 2044 ‚
840 2007 919 2041 ficut
939 2008 1042 2042 eidem
1053 2020 1208 2054 tanquam
1220 2005 1340 2042 fornici
1351 2008 1458 2054 plures
1472 2018 1563 2042 terrae
1576 2011 1725 2054 regiones
1737 2008 1951 2050 incumbant,

281 2051 358 2086 cum
380 2051 511 2098 spiritus
533 2052 755 2089 concufforius
780 2054 900 2090 ibidem
921 2057 1107 2090 accenditur
1124 2078 1134 2094 2
1162 2060 1195 2091 &
1215 2059 1398 2103 exagitatur
1411 2067 1423 2100 3
1447 2059 1545 2090 etiam
1565 2055 1674 2101 plures
1694 2055 1789 2091 simul
1802 2060 1952 2104 regiones

279 2103 412 2135 concuti
426 2113 564 2148 queunt.
615 2104 703 2137 Hinc
713 2103 848 2138 ulterius
857 2105 931 2139 dico
941 2127 952 2148 ,
979 2103 999 2138 fi
1011 2106 1043 2138 in
1061 2116 1172 2138 centro
1193 2115 1281 2138 tertae
1304 2117 1440 2139 caverna
1451 2103 1526 2139 esset
1537 2106 1610 2139 satis
1620 2105 1726 2151 ampla
1735 2104 1869 2151 pulvere
1887 2119 1953 2142 tor-

279 2152 442 2184 mentatio
454 2151 611 2185 instructa
621 2177 633 2196 ,
658 2163 747 2186 tanta
757 2151 834 2187 effer
850 2155 899 2188 vis
916 2154 1034 2188 halitus
1044 2152 1162 2188 accensi
1178 2175 1189 2192 ,
1222 2164 1258 2188 ut
1268 2164 1334 2188 tota
1343 2154 1418 2188 inde
1427 2165 1517 2188 terrae
1529 2152 1630 2189 moles
1639 2166 1709 2189 non
1729 2152 1843 2188 leviter
1855 2179 1866 2197 ,
1892 2167 1954 2192 nec

282 2197 349 2234 sine
360 2199 549 2244 ingentibus
564 2202 668 2234 ruinis
677 2212 878 2247 quateretur.

375 2247 548 2281 Coeterurn
560 2249 695 2294 quando
703 2252 870 2296 contingit
879 2273 888 2288 ‚
912 2261 948 2284 ut
962 2249 1068 2297 plures
1076 2252 1227 2298 regiones
1236 2250 1349 2285 eodem
1360 2261 1546 2286 terraemoru
1554 2253 1802 2290 concutiantur,
1829 2251 1900 2287 fieri
1913 2253 1948 2288 id

277 2294 376 2328 etiarn
395 2297 515 2341 poterit
525 2295 568 2330 ob
581 2309 700 2331 nexum
714 2300 809 2332 unius
823 2309 914 2333 terrae
924 2311 998 2334 cum
1011 2298 1072 2333 alia
1084 2325 1095 2343 ‚
1122 2298 1185 2334 five
1203 2300 1292 2346 quod
1316 2298 1444 2345 spiritus
1462 2300 1657 2346 sulphureus
1665 2301 1815 2336 accensus
1824 2314 1881 2348 pet·
1892 2315 1946 2337 ra-

277 2344 384 2377 mosos
397 2343 623 2380 subterraneos
643 2358 766 2381 meatus
776 2358 908 2395 quaqua
927 2346 1034 2383 versus
1049 2347 1206 2393 dispersus
1220 2346 1368 2382 fulminis
1380 2349 1479 2383 instar
1496 2349 1655 2383 discurrat
1667 2372 1675 2388 ,
1701 2352 1735 2384 δί
1755 2352 1790 2383 in
1806 2350 1883 2384 alias
1895 2356 1951 2386 can*

278 2404 394 2427 vernas
408 2392 531 2427 delatus
546 2393 663 2429 similes
674 2393 790 2429 efficiat
801 2398 1055 2435 concitationes,
1083 2395 1192 2444 ficr'3ue
1206 2396 1296 2442 plura
1307 2408 1398 2431 terrae
1408 2397 1521 2432 locain
1532 2397 1774 2444 ejusluperficie
1782 2400 1945 2435 constitu-

274 2452 306 2475 ta
314 2453 381 2475 uno
392 2441 472 2486 pene
484 2453 655 2477 momento
667 2444 844 2483 convellat.
897 2447 991 2480 Unde
1001 2443 1401 2493 colliges‚improbabilem
1418 2444 1479 2480 esse
1498 2448 1622 2481 Seneca
1641 2448 1831 2492 opinionem
1847 2471 1857 2487 ‚
1883 2451 1943 2496 qui

274 2500 363 2524 ratus
376 2500 596 2525 terraemotum
609 2504 675 2526 non
688 2494 819 2527 extendi
833 2494 921 2540 posse
932 2494 1016 2529 ultra
1029 2503 1112 2533 200t
1122 2494 1273 2529 milliaria
1293 2494 1414 2532 Italica.
1464 2496 1579 2530 Praeter
1590 2497 1680 2530 enim
1691 2496 1792 2530 dietas
1801 2499 1944 2532 rationes

271 2539 426 2573 reclamat
438 2550 549 2573 contra
559 2538 624 2586 ipsa
635 2543 848 2587 experientia.
904 2546 1067 2590 Imprimis
1078 2546 1165 2578 enim
1175 2541 1449 2589 scribitJosephus
1458 2544 1475 2578 ὲ
1489 2543 1639 2585 Οοίὶέ,ἰι·ι
1655 2557 1759 2591 regno
1769 2545 1940 2580 Peruanno

271 2587 466 2633 frequenter
474 2588 514 2622 ad
534 2598 611 2632 150.
626 2589 675 2623 vel
685 2592 780 2624 eriam
795 2591 836 2624 ad
848 2592 1040 2636 5oo.leucas
1048 2604 1231 2630 excurrere.
1277 2592 1327 2626 Sic
1346 2594 1443 2627 etiarn
1459 2592 1575 2628 Paulus
1584 2592 1724 2629 Orosius
1734 2593 1865 2630 testatur
1879 2592 1940 2630 lib.

272 2649 301 2675 7.
316 2636 402 2671 Hist.
420 2649 448 2674 c.
460 2648 515 2680 32.
527 2636 584 2673 sub
599 2637 832 2673 Valentiniano
847 2652 1068 2676 terraemotum
1080 2654 1136 2688 per
1149 2652 1257 2676 totum
1271 2640 1358 2687 paene
1369 2652 1527 2677 terrarum
1541 2642 1655 2677 orbem
1664 2642 1803 2678 editum.
1852 2645 1938 2678 Item

272 2685 578 2724 ann016011eodem
604 2697 750 2733 tempore
769 2687 841 2722 Asia
854 2712 864 2727 ,
890 2692 1063 2737 &Europa
1082 2702 1150 2727 tota.
1163 2689 1256 2726 fuere
1273 2687 1448 2731 concuffae,
1472 2702 1509 2726 ut
1519 2694 1565 2727 ait
1577 2691 1770 2732 1³.Rh0des,
1820 2691 1938 2733 Iudico

269 2744 377 2768 tamen
389 2746 462 2769 curn
472 2732 562 2782 gravi
573 2735 721 2770 Authore
732 2737 876 2782 Didymo
888 2751 966 2773 mox
983 2739 1114 2775 citando
1123 2763 1132 2780 ‚
1156 2739 1285 2774 nullum
1295 2750 1422 2774 motum
1434 2751 1540 2775 totam
1552 2752 1672 2777 terram
1684 2739 1866 2776 concussisse
1879 2741 1941 2775 ha-

270 2783 384 2816 ‹stenus
399 2806 408 2821 ‚
434 2795 549 2829 praeter
563 2795 637 2819 eum
648 2807 658 2823 ‚
680 2787 739 2831 qui
752 2796 899 2833 tempore
910 2790 1092 2823 Dominicae
1104 2789 1257 2824 Paffionis
1269 2789 1378 2823 divina
1395 2791 1518 2824 virtute
1536 2791 1667 2828 accidit.
1715 2789 1816 2835 Qod
1827 2791 1939 2835 prodi-

269 2830 441 2866 ditcitatus
455 2833 585 2867 Author
596 2855 606 2871 ‚
631 2835 720 2877 cujus
729 2834 769 2868 de
781 2835 840 2868 hac
851 2848 884 2870 re
895 2837 1118 2873 testimonium
1129 2837 1229 2872 refert
1237 2838 1359 2872 Catena
1370 2836 1534 2884 superJob
1549 2839 1685 2875 collecta
1699 2839 1718 2873 ὲ
1735 2847 1878 2885 quatuor
1897 2843 1934 2875 ἅτ

267 2881 386 2925 viginti
397 2882 526 2915 Graeciae
538 2881 753 2920 Doctoribus.
801 2884 1007 2925 ‘T‘erraemonm
1022 2886 1338 2934 inquinfitpkfiumin
1346 2890 1457 2934 terris3
1483 2887 1613 2928 verbm,
1638 2890 1692 2935 qui
1699 2895 1768 2921 ante
1780 2909 1790 2926 ‚
1815 2887 1936 2936 velposl

265 2924 415 2970 Christum
425 2930 623 2973 exstiteram,
646 2934 923 2979 partemquandam
943 2945 1028 2969 terrae
1038 2935 1227 2983 occuphrunt.
1270 2937 1342 2970 Mn·
1353 2945 1455 2971 autem
1474 2936 1583 2983 christi
1592 2948 1718 2982 tempore
1730 2947 1786 2968 non
1789 2941 1938 2981 privatus

262 2977 333 3022 fuit
342 2976 451 3059 aliqui}
460 2988 541 3059 ἵνα
552 2989 649 3015 motus
659 3004 670 3020 ‚
688 2984 743 3029 [ed
751 2992 811 3017 tata
819 2985 878 3031 ipsit
887 2994 970 3018 terra
980 2985 1214 3032 conquaffiitaest
1224 3008 1234 3028 ,
1260 2985 1297 3022 ό·
1305 2988 1572 3036 σικινοτυηνκῌᾶ.
1623 2988 1700 3023 Haec
1715 2984 1879 3031 Didymus
1891 2987 1934 3022 ad

266 3035 372 3074 caput.
394 3036 426 3070 9.
455 3039 463 3059 1
490 3051 498 3059 .
513 3031 617 3068 citati,

360 3073 539 3110 Conclusio
555 3078 706 3125 Septima.
719 3080 862 3119 Duratio
875 3082 971 3118 etiam
986 3092 1230 3120 tertaemotuurn
1240 3083 1427 3121 inconstans
1440 3088 1475 3122 δε
1487 3086 1572 3134 varia
1581 3082 1637 3124 est,
1650 3080 1829 3132 aliquando
1837 3085 1932 3168 {nim

1860 3144 1929 3169 tevi
