<?xml version="1.0" encoding="UTF-8"?>
<!DOCTYPE html PUBLIC "-//W3C//DTD XHTML 1.0 Transitional//EN"
    "http://www.w3.org/TR/xhtml1/DTD/xhtml1-transitional.dtd">
<html xmlns="http://www.w3.org/1999/xhtml" xml:lang="en" lang="en">
 <head>
  <title>
</title>
<meta http-equiv="Content-Type" content="text/html;charset=utf-8" />
  <meta name='ocr-system' content='tesseract 3.04.00' />
  <meta name='ocr-capabilities' content='ocr_page ocr_carea ocr_par ocr_line ocrx_word'/>
</head>
<body>
  <div class='ocr_page' id='page_1' title='image "./philosphicopolit00rein_0252.png"; bbox 0 0 2060 3444; ppageno 0'>
   <div class='ocr_carea' id='block_1_1' title="bbox 274 140 1347 216">
    <p class='ocr_par' dir='ltr' id='par_1_1' title="bbox 274 140 1347 216">
     <span class='ocr_line' id='line_1_1' title="bbox 274 140 1347 216; baseline -0.009 -15"><span class='ocrx_word' id='word_1_1' title='bbox 274 160 399 216; x_wconf 64' lang='lat'>240</span> <span class='ocrx_word' id='word_1_2' title='bbox 970 140 1347 212; x_wconf 80' lang='lat' dir='ltr'>Meteorologia</span> 
     </span>
    </p>
   </div>
   <div class='ocr_carea' id='block_1_2' title="bbox 265 217 1964 1213">
    <p class='ocr_par' dir='ltr' id='par_1_2' title="bbox 271 217 1960 762">
     <span class='ocr_line' id='line_1_2' title="bbox 272 217 1959 278; baseline -0.007 -14"><span class='ocrx_word' id='word_1_3' title='bbox 272 234 389 266; x_wconf 72' lang='lat' dir='ltr'>rarum</span> <span class='ocrx_word' id='word_1_4' title='bbox 408 230 599 278; x_wconf 73' lang='lat' dir='ltr'>explorator</span> <span class='ocrx_word' id='word_1_5' title='bbox 619 229 781 275; x_wconf 83' lang='lat' dir='ltr'>aperiret,</span> <span class='ocrx_word' id='word_1_6' title='bbox 805 225 931 262; x_wconf 88' lang='lat' dir='ltr'>multos</span> <span class='ocrx_word' id='word_1_7' title='bbox 952 229 1043 263; x_wconf 87' lang='lat' dir='ltr'>videt</span> <span class='ocrx_word' id='word_1_8' title='bbox 1066 232 1178 276; x_wconf 86' lang='lat' dir='ltr'>nigros</span> <span class='ocrx_word' id='word_1_9' title='bbox 1199 225 1354 260; x_wconf 81' lang='lat' dir='ltr'>homines</span> <span class='ocrx_word' id='word_1_10' title='bbox 1378 235 1536 271; x_wconf 83' lang='lat' dir='ltr'>tanquam</span> <span class='ocrx_word' id='word_1_11' title='bbox 1559 222 1730 270; x_wconf 81' lang='lat' dir='ltr'>AEthiopes</span> <span class='ocrx_word' id='word_1_12' title='bbox 1748 225 1812 258; x_wconf 88' lang='lat' dir='ltr'>iter</span> <span class='ocrx_word' id='word_1_13' title='bbox 1830 217 1959 275; x_wconf 48' lang='lat' dir='ltr'>capereg&#39;</span> 
     </span>
     <span class='ocr_line' id='line_1_3' title="bbox 276 272 1960 328; baseline -0.005 -13"><span class='ocrx_word' id='word_1_14' title='bbox 276 279 450 328; x_wconf 78' lang='lat' dir='ltr'>longoque</span> <span class='ocrx_word' id='word_1_15' title='bbox 470 279 575 314; x_wconf 67' lang='lat' dir='ltr'>tracia</span> <span class='ocrx_word' id='word_1_16' title='bbox 594 277 731 312; x_wconf 76' lang='lat' dir='ltr'>onustos</span> <span class='ocrx_word' id='word_1_17' title='bbox 745 306 757 325; x_wconf 74' lang='lat'>‚</span> <span class='ocrx_word' id='word_1_18' title='bbox 775 277 952 323; x_wconf 80' lang='lat' dir='ltr'>sagmarios</span> <span class='ocrx_word' id='word_1_19' title='bbox 972 280 1168 313; x_wconf 87' lang='lat' dir='ltr'>comminari</span> <span class='ocrx_word' id='word_1_20' title='bbox 1185 286 1196 323; x_wconf 78' lang='lat'>3</span> <span class='ocrx_word' id='word_1_21' title='bbox 1220 274 1364 322; x_wconf 74' lang='lat' dir='ltr'>cumque</span> <span class='ocrx_word' id='word_1_22' title='bbox 1394 273 1468 308; x_wconf 87' lang='lat' dir='ltr'>illos</span> <span class='ocrx_word' id='word_1_23' title='bbox 1489 272 1637 307; x_wconf 85' lang='lat' dir='ltr'>curiosus</span> <span class='ocrx_word' id='word_1_24' title='bbox 1666 276 1846 319; x_wconf 75' lang='lat' dir='ltr'>inqmretet</span> <span class='ocrx_word' id='word_1_25' title='bbox 1863 295 1873 311; x_wconf 90' lang='lat'><strong>‚</strong></span> <span class='ocrx_word' id='word_1_26' title='bbox 1898 279 1960 324; x_wconf 56' lang='lat' dir='ltr'>qul</span> 
     </span>
     <span class='ocr_line' id='line_1_4' title="bbox 277 322 1958 374; baseline -0.007 -10"><span class='ocrx_word' id='word_1_27' title='bbox 277 328 402 368; x_wconf 71' lang='lat' dir='ltr'>essent,</span> <span class='ocrx_word' id='word_1_28' title='bbox 427 332 559 373; x_wconf 85' lang='lat' dir='ltr'>cujusve</span> <span class='ocrx_word' id='word_1_29' title='bbox 584 329 631 361; x_wconf 89' lang='lat' dir='ltr'>rei</span> <span class='ocrx_word' id='word_1_30' title='bbox 648 330 753 374; x_wconf 80' lang='lat' dir='ltr'>gratia</span> <span class='ocrx_word' id='word_1_31' title='bbox 772 329 839 361; x_wconf 76' lang='lat' dir='ltr'>haec</span> <span class='ocrx_word' id='word_1_32' title='bbox 860 328 1082 371; x_wconf 82' lang='lat' dir='ltr'>jumentorum</span> <span class='ocrx_word' id='word_1_33' title='bbox 1105 325 1225 374; x_wconf 89' lang='lat' dir='ltr'>pabula</span> <span class='ocrx_word' id='word_1_34' title='bbox 1247 325 1480 371; x_wconf 61' lang='lat' dir='ltr'>devenitarent3</span> <span class='ocrx_word' id='word_1_35' title='bbox 1504 322 1663 369; x_wconf 80' lang='lat' dir='ltr'>maligni,</span> <span class='ocrx_word' id='word_1_36' title='bbox 1689 324 1869 368; x_wconf 82' lang='lat' dir='ltr'>inquiunt,</span> <span class='ocrx_word' id='word_1_37' title='bbox 1893 323 1958 365; x_wconf 81' lang='lat' dir='ltr'>lpi-</span> 
     </span>
     <span class='ocr_line' id='line_1_5' title="bbox 276 369 1956 423; baseline -0.008 -9"><span class='ocrx_word' id='word_1_38' title='bbox 276 382 361 414; x_wconf 87' lang='lat' dir='ltr'>ritus</span> <span class='ocrx_word' id='word_1_39' title='bbox 383 380 514 415; x_wconf 87' lang='lat' dir='ltr'>sumus,</span> <span class='ocrx_word' id='word_1_40' title='bbox 537 380 572 411; x_wconf 91' lang='lat'>&amp;</span> <span class='ocrx_word' id='word_1_41' title='bbox 593 386 744 423; x_wconf 87' lang='lat' dir='ltr'>paramus</span> <span class='ocrx_word' id='word_1_42' title='bbox 760 387 831 410; x_wconf 90' lang='lat' dir='ltr'>non</span> <span class='ocrx_word' id='word_1_43' title='bbox 853 374 971 421; x_wconf 77' lang='lat' dir='ltr'>pabula</span> <span class='ocrx_word' id='word_1_44' title='bbox 991 376 1163 423; x_wconf 84' lang='lat' dir='ltr'>pecoribus</span> <span class='ocrx_word' id='word_1_45' title='bbox 1183 374 1330 412; x_wconf 75' lang='lat' dir='ltr'>alendis,</span> <span class='ocrx_word' id='word_1_46' title='bbox 1363 374 1415 407; x_wconf 86' lang='lat' dir='ltr'>led</span> <span class='ocrx_word' id='word_1_47' title='bbox 1436 383 1603 407; x_wconf 85' lang='lat' dir='ltr'>tormenta</span> <span class='ocrx_word' id='word_1_48' title='bbox 1623 369 1734 418; x_wconf 72' lang='lat' dir='ltr'>potius</span> <span class='ocrx_word' id='word_1_49' title='bbox 1751 374 1881 417; x_wconf 74' lang='lat' dir='ltr'>ignium</span> <span class='ocrx_word' id='word_1_50' title='bbox 1894 372 1956 402; x_wconf 88' lang='lat' dir='ltr'>ho-</span> 
     </span>
     <span class='ocr_line' id='line_1_6' title="bbox 275 421 1959 471; baseline -0.007 -7"><span class='ocrx_word' id='word_1_51' title='bbox 275 427 420 464; x_wconf 85' lang='lat' dir='ltr'>minibus</span> <span class='ocrx_word' id='word_1_52' title='bbox 443 425 682 460; x_wconf 83' lang='lat' dir='ltr'>comburendis</span> <span class='ocrx_word' id='word_1_53' title='bbox 701 437 713 471; x_wconf 83' lang='lat'><em>3</em></span> <span class='ocrx_word' id='word_1_54' title='bbox 742 423 966 471; x_wconf 84' lang='lat' dir='ltr'>praestclamur</span> <span class='ocrx_word' id='word_1_55' title='bbox 993 428 1082 461; x_wconf 90' lang='lat' dir='ltr'>enirn</span> <span class='ocrx_word' id='word_1_56' title='bbox 1101 429 1135 460; x_wconf 90' lang='lat' dir='ltr'>in</span> <span class='ocrx_word' id='word_1_57' title='bbox 1155 426 1310 469; x_wconf 86' lang='lat' dir='ltr'>proximo</span> <span class='ocrx_word' id='word_1_58' title='bbox 1331 424 1516 469; x_wconf 78' lang='lat' dir='ltr'>Principem</span> <span class='ocrx_word' id='word_1_59' title='bbox 1546 423 1669 466; x_wconf 78' lang='lat' dir='ltr'>Capuae</span> <span class='ocrx_word' id='word_1_60' title='bbox 1690 421 1919 466; x_wconf 71' lang='lat' dir='ltr'>l&#39;aueulphum</span> <span class='ocrx_word' id='word_1_61' title='bbox 1948 441 1959 457; x_wconf 89' lang='lat'>,</span> 
     </span>
     <span class='ocr_line' id='line_1_7' title="bbox 275 469 1959 525; baseline -0.007 -14"><span class='ocrx_word' id='word_1_62' title='bbox 275 481 334 525; x_wconf 90' lang='lat' dir='ltr'>qui</span> <span class='ocrx_word' id='word_1_63' title='bbox 353 480 416 521; x_wconf 84' lang='lat' dir='ltr'>jam</span> <span class='ocrx_word' id='word_1_64' title='bbox 436 473 634 513; x_wconf 82' lang='lat' dir='ltr'>decumbet,</span> <span class='ocrx_word' id='word_1_65' title='bbox 661 476 873 521; x_wconf 84' lang='lat' dir='ltr'>&amp;Joannem</span> <span class='ocrx_word' id='word_1_66' title='bbox 896 475 1091 521; x_wconf 85' lang='lat' dir='ltr'>Magistrum</span> <span class='ocrx_word' id='word_1_67' title='bbox 1113 474 1258 508; x_wconf 85' lang='lat' dir='ltr'>militum</span> <span class='ocrx_word' id='word_1_68' title='bbox 1282 472 1508 519; x_wconf 58' lang='lat' dir='ltr'>Neapolitanae</span> <span class='ocrx_word' id='word_1_69' title='bbox 1525 495 1535 509; x_wconf 95' lang='lat'>,</span> <span class='ocrx_word' id='word_1_70' title='bbox 1574 474 1634 517; x_wconf 87' lang='lat' dir='ltr'>qui</span> <span class='ocrx_word' id='word_1_71' title='bbox 1655 472 1760 503; x_wconf 86' lang='lat' dir='ltr'>adhuc</span> <span class='ocrx_word' id='word_1_72' title='bbox 1783 469 1959 504; x_wconf 82' lang='lat' dir='ltr'>incolumis</span> 
     </span>
     <span class='ocr_line' id='line_1_8' title="bbox 276 519 1956 572; baseline -0.007 -11"><span class='ocrx_word' id='word_1_73' title='bbox 276 528 374 562; x_wconf 82' lang='lat' dir='ltr'>vivit.</span> <span class='ocrx_word' id='word_1_74' title='bbox 425 524 575 572; x_wconf 82' lang='lat' dir='ltr'>Uterque</span> <span class='ocrx_word' id='word_1_75' title='bbox 602 527 713 572; x_wconf 83' lang='lat' dir='ltr'>paucis</span> <span class='ocrx_word' id='word_1_76' title='bbox 741 523 813 572; x_wconf 90' lang='lat' dir='ltr'>post</span> <span class='ocrx_word' id='word_1_77' title='bbox 838 521 956 556; x_wconf 84' lang='lat' dir='ltr'>diebus</span> <span class='ocrx_word' id='word_1_78' title='bbox 983 527 1125 560; x_wconf 86' lang='lat' dir='ltr'>moritur</span> <span class='ocrx_word' id='word_1_79' title='bbox 1145 547 1154 562; x_wconf 85' lang='lat'><em>.</em></span> <span class='ocrx_word' id='word_1_80' title='bbox 1190 526 1224 557; x_wconf 71' lang='grc' dir='ltr'>δ(</span> <span class='ocrx_word' id='word_1_81' title='bbox 1246 522 1354 555; x_wconf 77' lang='lat' dir='ltr'>statim</span> <span class='ocrx_word' id='word_1_82' title='bbox 1375 519 1502 557; x_wconf 61' lang='lat' dir='ltr'>eruerat</span> <span class='ocrx_word' id='word_1_83' title='bbox 1523 522 1698 555; x_wconf 66' lang='lat' dir='ltr'>Vesuvius.</span> <span class='ocrx_word' id='word_1_84' title='bbox 1749 520 1790 552; x_wconf 79' lang='lat' dir='ltr'>Et</span> <span class='ocrx_word' id='word_1_85' title='bbox 1812 529 1878 564; x_wconf 85' lang='lat' dir='ltr'>cap.</span> <span class='ocrx_word' id='word_1_86' title='bbox 1901 528 1956 554; x_wconf 84' lang='grc' dir='ltr'>ιο.</span> 
     </span>
     <span class='ocr_line' id='line_1_9' title="bbox 274 565 1957 622; baseline -0.005 -13"><span class='ocrx_word' id='word_1_87' title='bbox 274 586 385 610; x_wconf 89' lang='lat' dir='ltr'>narrar</span> <span class='ocrx_word' id='word_1_88' title='bbox 404 574 659 613; x_wconf 77' lang='lat' dir='ltr'>Presbyterum,</span> <span class='ocrx_word' id='word_1_89' title='bbox 683 577 743 622; x_wconf 88' lang='lat' dir='ltr'>qui</span> <span class='ocrx_word' id='word_1_90' title='bbox 760 583 900 607; x_wconf 85' lang='lat' dir='ltr'>matrem</span> <span class='ocrx_word' id='word_1_91' title='bbox 919 572 1006 608; x_wconf 87' lang='lat' dir='ltr'>suam</span> <span class='ocrx_word' id='word_1_92' title='bbox 1026 574 1207 608; x_wconf 87' lang='lat' dir='ltr'>Beneventi</span> <span class='ocrx_word' id='word_1_93' title='bbox 1231 571 1410 618; x_wconf 83' lang='lat' dir='ltr'>reliquerat</span> <span class='ocrx_word' id='word_1_94' title='bbox 1435 583 1591 619; x_wconf 83' lang='lat' dir='ltr'>aegrotam</span> <span class='ocrx_word' id='word_1_95' title='bbox 1605 597 1617 612; x_wconf 74' lang='lat'><em>‚</em></span> <span class='ocrx_word' id='word_1_96' title='bbox 1643 569 1735 603; x_wconf 78' lang='lat' dir='ltr'>ivisse</span> <span class='ocrx_word' id='word_1_97' title='bbox 1756 565 1957 613; x_wconf 70' lang='lat' dir='ltr'>Neapolim5</span> 
     </span>
     <span class='ocr_line' id='line_1_10' title="bbox 274 615 1958 669; baseline -0.005 -11"><span class='ocrx_word' id='word_1_98' title='bbox 274 636 310 658; x_wconf 88' lang='lat' dir='ltr'>ac</span> <span class='ocrx_word' id='word_1_99' title='bbox 329 623 471 658; x_wconf 87' lang='lat' dir='ltr'>ibicum</span> <span class='ocrx_word' id='word_1_100' title='bbox 486 623 733 658; x_wconf 79' lang='lat' dir='ltr'>exundantibus</span> <span class='ocrx_word' id='word_1_101' title='bbox 756 622 898 656; x_wconf 83' lang='lat' dir='ltr'>flammis</span> <span class='ocrx_word' id='word_1_102' title='bbox 928 625 1116 658; x_wconf 84' lang='lat' dir='ltr'>intenderet</span> <span class='ocrx_word' id='word_1_103' title='bbox 1141 622 1321 663; x_wconf 85' lang='lat' dir='ltr'>clamorem</span> <span class='ocrx_word' id='word_1_104' title='bbox 1345 620 1490 669; x_wconf 78' lang='lat' dir='ltr'>lugentis</span> <span class='ocrx_word' id='word_1_105' title='bbox 1515 619 1692 657; x_wconf 81' lang='lat' dir='ltr'>audivisse,</span> <span class='ocrx_word' id='word_1_106' title='bbox 1720 629 1819 666; x_wconf 87' lang='lat' dir='ltr'>quem</span> <span class='ocrx_word' id='word_1_107' title='bbox 1842 615 1958 662; x_wconf 83' lang='lat' dir='ltr'>procul</span> 
     </span>
     <span class='ocr_line' id='line_1_11' title="bbox 271 669 1958 721; baseline -0.005 -14"><span class='ocrx_word' id='word_1_108' title='bbox 271 673 378 708; x_wconf 90' lang='lat' dir='ltr'>dubio</span> <span class='ocrx_word' id='word_1_109' title='bbox 406 674 521 708; x_wconf 84' lang='lat' dir='ltr'>marris</span> <span class='ocrx_word' id='word_1_110' title='bbox 549 672 613 708; x_wconf 79' lang='lat' dir='ltr'>elle</span> <span class='ocrx_word' id='word_1_111' title='bbox 638 674 823 721; x_wconf 66' lang='lat' dir='ltr'>cognovi‘r;</span> <span class='ocrx_word' id='word_1_112' title='bbox 862 676 995 708; x_wconf 61' lang='lat' dir='ltr'>&#39;notavit</span> <span class='ocrx_word' id='word_1_113' title='bbox 1026 674 1143 708; x_wconf 82' lang='lat' dir='ltr'>horam</span> <span class='ocrx_word' id='word_1_114' title='bbox 1160 695 1171 713; x_wconf 91' lang='lat'>‚</span> <span class='ocrx_word' id='word_1_115' title='bbox 1198 674 1232 705; x_wconf 92' lang='lat'>&amp;</span> <span class='ocrx_word' id='word_1_116' title='bbox 1252 669 1365 706; x_wconf 64' lang='lat' dir='ltr'>eadem</span> <span class='ocrx_word' id='word_1_117' title='bbox 1386 683 1525 706; x_wconf 86' lang='lat' dir='ltr'>matrem</span> <span class='ocrx_word' id='word_1_118' title='bbox 1545 669 1609 705; x_wconf 83' lang='lat' dir='ltr'>esse</span> <span class='ocrx_word' id='word_1_119' title='bbox 1627 680 1796 703; x_wconf 84' lang='lat' dir='ltr'>mortuam</span> <span class='ocrx_word' id='word_1_120' title='bbox 1821 677 1958 712; x_wconf 83' lang='lat' dir='ltr'>compe-</span> 
     </span>
     <span class='ocr_line' id='line_1_12' title="bbox 273 725 330 762; baseline 0 -5"><span class='ocrx_word' id='word_1_121' title='bbox 273 725 330 762; x_wconf 61' lang='lat' dir='ltr'>tir.</span> 
     </span>
    </p>

    <p class='ocr_par' dir='ltr' id='par_1_3' title="bbox 265 760 1964 1213">
     <span class='ocr_line' id='line_1_13' title="bbox 375 760 1960 822; baseline -0.01 -10"><span class='ocrx_word' id='word_1_122' title='bbox 375 770 514 817; x_wconf 76' lang='lat' dir='ltr'>Quaeres</span> <span class='ocrx_word' id='word_1_123' title='bbox 526 771 656 819; x_wconf 67' lang='lat' dir='ltr'>primo:</span> <span class='ocrx_word' id='word_1_124' title='bbox 682 773 806 808; x_wconf 80' lang='lat' dir='ltr'>Utrum</span> <span class='ocrx_word' id='word_1_125' title='bbox 827 773 1018 821; x_wconf 86' lang='lat' dir='ltr'>hujusmodi</span> <span class='ocrx_word' id='word_1_126' title='bbox 1034 776 1126 821; x_wconf 79' lang='lat' dir='ltr'>ignes</span> <span class='ocrx_word' id='word_1_127' title='bbox 1154 772 1357 809; x_wconf 75' lang='lat' dir='ltr'>subterranei</span> <span class='ocrx_word' id='word_1_128' title='bbox 1377 772 1523 819; x_wconf 81' lang='lat' dir='ltr'>aliquam</span> <span class='ocrx_word' id='word_1_129' title='bbox 1543 772 1630 804; x_wconf 86' lang='lat' dir='ltr'>inter</span> <span class='ocrx_word' id='word_1_130' title='bbox 1656 767 1686 802; x_wconf 88' lang='lat' dir='ltr'>se</span> <span class='ocrx_word' id='word_1_131' title='bbox 1704 760 1960 822; x_wconf 57' lang='lat' dir='ltr'>habeatnrdiffe-</span> 
     </span>
     <span class='ocr_line' id='line_1_14' title="bbox 272 820 1963 869; baseline -0.005 -14"><span class='ocrx_word' id='word_1_132' title='bbox 272 824 432 860; x_wconf 80' lang='lat' dir='ltr'>rentiam,</span> <span class='ocrx_word' id='word_1_133' title='bbox 461 820 575 856; x_wconf 83' lang='lat' dir='ltr'>saltem</span> <span class='ocrx_word' id='word_1_134' title='bbox 593 822 830 859; x_wconf 85' lang='lat' dir='ltr'>accidentalem</span> <span class='ocrx_word' id='word_1_135' title='bbox 855 826 872 862; x_wconf 73' lang='grc'><em>2</em></span> <span class='ocrx_word' id='word_1_136' title='bbox 921 823 1122 869; x_wconf 81' lang='lat' dir='ltr'>Respondeo</span> <span class='ocrx_word' id='word_1_137' title='bbox 1147 821 1345 858; x_wconf 77' lang='lat' dir='ltr'>affirmative</span> <span class='ocrx_word' id='word_1_138' title='bbox 1360 846 1371 862; x_wconf 90' lang='lat'>,</span> <span class='ocrx_word' id='word_1_139' title='bbox 1396 831 1480 857; x_wconf 63' lang='lat' dir='ltr'>ratro</span> <span class='ocrx_word' id='word_1_140' title='bbox 1500 820 1543 854; x_wconf 83' lang='lat' dir='ltr'>est</span> <span class='ocrx_word' id='word_1_141' title='bbox 1564 843 1574 858; x_wconf 89' lang='lat'>,</span> <span class='ocrx_word' id='word_1_142' title='bbox 1598 831 1674 853; x_wconf 82' lang='lat' dir='ltr'>nam</span> <span class='ocrx_word' id='word_1_143' title='bbox 1692 820 1828 866; x_wconf 88' lang='lat' dir='ltr'>quidam</span> <span class='ocrx_word' id='word_1_144' title='bbox 1850 824 1963 848; x_wconf 60' lang='lat' dir='ltr'>intra„</span> 
     </span>
     <span class='ocr_line' id='line_1_15' title="bbox 271 867 1964 919; baseline -0.005 -15"><span class='ocrx_word' id='word_1_145' title='bbox 271 870 385 918; x_wconf 85' lang='lat' dir='ltr'>specus</span> <span class='ocrx_word' id='word_1_146' title='bbox 405 872 510 916; x_wconf 80' lang='lat' dir='ltr'>latent</span> <span class='ocrx_word' id='word_1_147' title='bbox 532 895 544 910; x_wconf 97' lang='lat'>,</span> <span class='ocrx_word' id='word_1_148' title='bbox 568 883 628 905; x_wconf 86' lang='lat' dir='ltr'>nec</span> <span class='ocrx_word' id='word_1_149' title='bbox 647 870 677 905; x_wconf 81' lang='lat' dir='ltr'>se</span> <span class='ocrx_word' id='word_1_150' title='bbox 702 875 848 919; x_wconf 89' lang='lat' dir='ltr'>produnt</span> <span class='ocrx_word' id='word_1_151' title='bbox 871 899 881 914; x_wconf 93' lang='lat'>,</span> <span class='ocrx_word' id='word_1_152' title='bbox 909 875 961 907; x_wconf 89' lang='lat' dir='ltr'>sed</span> <span class='ocrx_word' id='word_1_153' title='bbox 978 871 1108 907; x_wconf 76' lang='lat' dir='ltr'>occulte</span> <span class='ocrx_word' id='word_1_154' title='bbox 1124 874 1271 907; x_wconf 86' lang='lat' dir='ltr'>exedunt</span> <span class='ocrx_word' id='word_1_155' title='bbox 1295 883 1388 907; x_wconf 88' lang='lat' dir='ltr'>terrae</span> <span class='ocrx_word' id='word_1_156' title='bbox 1412 870 1561 915; x_wconf 76' lang='lat' dir='ltr'>viscera3</span> <span class='ocrx_word' id='word_1_157' title='bbox 1590 868 1646 902; x_wconf 87' lang='lat' dir='ltr'>alii</span> <span class='ocrx_word' id='word_1_158' title='bbox 1673 870 1762 901; x_wconf 65' lang='lat' dir='ltr'>roras</span> <span class='ocrx_word' id='word_1_159' title='bbox 1792 867 1964 906; x_wconf 82' lang='lat' dir='ltr'>emicant3</span> 
     </span>
     <span class='ocr_line' id='line_1_16' title="bbox 272 911 1961 968; baseline -0.003 -14"><span class='ocrx_word' id='word_1_160' title='bbox 272 921 409 967; x_wconf 84' lang='lat' dir='ltr'>quidam</span> <span class='ocrx_word' id='word_1_161' title='bbox 430 921 557 956; x_wconf 80' lang='lat' dir='ltr'>nullam</span> <span class='ocrx_word' id='word_1_162' title='bbox 576 932 741 955; x_wconf 90' lang='lat' dir='ltr'>evomunt</span> <span class='ocrx_word' id='word_1_163' title='bbox 763 927 938 959; x_wconf 86' lang='lat' dir='ltr'>materiam</span> <span class='ocrx_word' id='word_1_164' title='bbox 965 932 976 967; x_wconf 79' lang='lat'><em>3</em></span> <span class='ocrx_word' id='word_1_165' title='bbox 1007 921 1063 955; x_wconf 83' lang='lat' dir='ltr'>alii</span> <span class='ocrx_word' id='word_1_166' title='bbox 1083 923 1228 962; x_wconf 87' lang='lat' dir='ltr'>cineres,</span> <span class='ocrx_word' id='word_1_167' title='bbox 1255 921 1414 968; x_wconf 79' lang='lat' dir='ltr'>sulphur,</span> <span class='ocrx_word' id='word_1_168' title='bbox 1435 921 1605 965; x_wconf 81' lang='lat' dir='ltr'>pumices,</span> <span class='ocrx_word' id='word_1_169' title='bbox 1631 918 1722 956; x_wconf 85' lang='lat' dir='ltr'>saxa,</span> <span class='ocrx_word' id='word_1_170' title='bbox 1749 916 1828 952; x_wconf 84' lang='lat' dir='ltr'>ferri</span> <span class='ocrx_word' id='word_1_171' title='bbox 1845 911 1961 948; x_wconf 76' lang='lat' dir='ltr'>massas</span> 
     </span>
     <span class='ocr_line' id='line_1_17' title="bbox 269 965 1960 1020; baseline -0.002 -17"><span class='ocrx_word' id='word_1_172' title='bbox 269 971 447 1016; x_wconf 63' lang='lat' dir='ltr'>erustanrg</span> <span class='ocrx_word' id='word_1_173' title='bbox 473 970 608 1018; x_wconf 81' lang='lat' dir='ltr'>quidam</span> <span class='ocrx_word' id='word_1_174' title='bbox 630 971 755 1011; x_wconf 57' lang='lat' dir='ltr'>nooru,</span> <span class='ocrx_word' id='word_1_175' title='bbox 781 972 905 1019; x_wconf 77' lang='lat' dir='ltr'>diuque</span> <span class='ocrx_word' id='word_1_176' title='bbox 930 972 1083 1005; x_wconf 87' lang='lat' dir='ltr'>incendia</span> <span class='ocrx_word' id='word_1_177' title='bbox 1105 971 1306 1020; x_wconf 72' lang='lat' dir='ltr'>ostendunt3</span> <span class='ocrx_word' id='word_1_178' title='bbox 1333 971 1389 1006; x_wconf 83' lang='lat' dir='ltr'>alii</span> <span class='ocrx_word' id='word_1_179' title='bbox 1408 970 1510 1004; x_wconf 62' lang='lat' dir='ltr'>nostu</span> <span class='ocrx_word' id='word_1_180' title='bbox 1532 967 1661 1002; x_wconf 73' lang='lat' dir='ltr'>tanturn</span> <span class='ocrx_word' id='word_1_181' title='bbox 1686 978 1698 1014; x_wconf 78' lang='lat'><em>3</em></span> <span class='ocrx_word' id='word_1_182' title='bbox 1725 966 1818 1013; x_wconf 73' lang='lat' dir='ltr'>quod</span> <span class='ocrx_word' id='word_1_183' title='bbox 1839 977 1875 998; x_wconf 80' lang='lat' dir='ltr'>ea</span> <span class='ocrx_word' id='word_1_184' title='bbox 1897 965 1960 999; x_wconf 75' lang='lat' dir='ltr'>So-</span> 
     </span>
     <span class='ocr_line' id='line_1_18' title="bbox 270 1017 1960 1067; baseline -0.008 -8"><span class='ocrx_word' id='word_1_185' title='bbox 270 1017 311 1054; x_wconf 68' lang='lat' dir='ltr'>liS</span> <span class='ocrx_word' id='word_1_186' title='bbox 335 1020 408 1054; x_wconf 79' lang='lat' dir='ltr'>luce</span> <span class='ocrx_word' id='word_1_187' title='bbox 422 1043 432 1058; x_wconf 74' lang='lat'><em>2</em></span> <span class='ocrx_word' id='word_1_188' title='bbox 459 1033 532 1067; x_wconf 76' lang='lat' dir='ltr'>quae</span> <span class='ocrx_word' id='word_1_189' title='bbox 551 1023 679 1053; x_wconf 73' lang='lat' dir='ltr'>minora</span> <span class='ocrx_word' id='word_1_190' title='bbox 697 1021 826 1056; x_wconf 88' lang='lat' dir='ltr'>lumina</span> <span class='ocrx_word' id='word_1_191' title='bbox 848 1021 1038 1059; x_wconf 78' lang='lat' dir='ltr'>abscondit,</span> <span class='ocrx_word' id='word_1_192' title='bbox 1063 1019 1293 1058; x_wconf 80' lang='lat' dir='ltr'>offundantur.</span> <span class='ocrx_word' id='word_1_193' title='bbox 1357 1021 1509 1062; x_wconf 83' lang='lat' dir='ltr'>Quidam</span> <span class='ocrx_word' id='word_1_194' title='bbox 1530 1018 1812 1052; x_wconf 80' lang='lat' dir='ltr'>eminentioribus</span> <span class='ocrx_word' id='word_1_195' title='bbox 1834 1017 1960 1047; x_wconf 76' lang='lat' dir='ltr'>dunta-</span> 
     </span>
     <span class='ocr_line' id='line_1_19' title="bbox 269 1065 1960 1117; baseline -0.005 -14"><span class='ocrx_word' id='word_1_196' title='bbox 269 1078 327 1103; x_wconf 77' lang='lat' dir='ltr'>xat</span> <span class='ocrx_word' id='word_1_197' title='bbox 347 1076 439 1104; x_wconf 76' lang='lat' dir='ltr'>ter&#39;rae</span> <span class='ocrx_word' id='word_1_198' title='bbox 460 1068 608 1116; x_wconf 85' lang='lat' dir='ltr'>partibus</span> <span class='ocrx_word' id='word_1_199' title='bbox 632 1070 777 1109; x_wconf 64' lang='lat' dir='ltr'>haerent,</span> <span class='ocrx_word' id='word_1_200' title='bbox 803 1070 859 1105; x_wconf 89' lang='lat' dir='ltr'>alii</span> <span class='ocrx_word' id='word_1_201' title='bbox 880 1074 913 1105; x_wconf 90' lang='lat' dir='ltr'>in</span> <span class='ocrx_word' id='word_1_202' title='bbox 932 1068 1117 1117; x_wconf 80' lang='lat' dir='ltr'>profundo.</span> <span class='ocrx_word' id='word_1_203' title='bbox 1171 1072 1321 1113; x_wconf 84' lang='lat' dir='ltr'>Quidam</span> <span class='ocrx_word' id='word_1_204' title='bbox 1344 1068 1506 1117; x_wconf 78' lang='lat' dir='ltr'>perpetuo</span> <span class='ocrx_word' id='word_1_205' title='bbox 1524 1068 1661 1104; x_wconf 78' lang='lat' dir='ltr'>ardent,</span> <span class='ocrx_word' id='word_1_206' title='bbox 1697 1068 1753 1101; x_wconf 83' lang='lat' dir='ltr'>alii</span> <span class='ocrx_word' id='word_1_207' title='bbox 1778 1078 1832 1112; x_wconf 86' lang='lat' dir='ltr'>per</span> <span class='ocrx_word' id='word_1_208' title='bbox 1855 1065 1960 1097; x_wconf 82' lang='lat' dir='ltr'>intet-</span> 
     </span>
     <span class='ocr_line' id='line_1_20' title="bbox 269 1112 1963 1169; baseline -0.005 -16"><span class='ocrx_word' id='word_1_209' title='bbox 269 1118 366 1154; x_wconf 59' lang='lat' dir='ltr'>valla.</span> <span class='ocrx_word' id='word_1_210' title='bbox 418 1118 572 1165; x_wconf 86' lang='lat' dir='ltr'>Plerique</span> <span class='ocrx_word' id='word_1_211' title='bbox 592 1130 662 1151; x_wconf 88' lang='lat' dir='ltr'>non</span> <span class='ocrx_word' id='word_1_212' title='bbox 683 1120 768 1154; x_wconf 86' lang='lat' dir='ltr'>nihil</span> <span class='ocrx_word' id='word_1_213' title='bbox 788 1121 828 1154; x_wconf 83' lang='lat' dir='ltr'>ad</span> <span class='ocrx_word' id='word_1_214' title='bbox 850 1131 982 1166; x_wconf 86' lang='lat' dir='ltr'>tempus</span> <span class='ocrx_word' id='word_1_215' title='bbox 1001 1123 1178 1155; x_wconf 83' lang='lat' dir='ltr'>remittunt</span> <span class='ocrx_word' id='word_1_216' title='bbox 1201 1131 1340 1169; x_wconf 85' lang='lat' dir='ltr'>propter</span> <span class='ocrx_word' id='word_1_217' title='bbox 1357 1118 1487 1153; x_wconf 77' lang='lat' dir='ltr'>fomitis</span> <span class='ocrx_word' id='word_1_218' title='bbox 1505 1118 1677 1163; x_wconf 81' lang='lat' dir='ltr'>inopiam,</span> <span class='ocrx_word' id='word_1_219' title='bbox 1701 1117 1821 1151; x_wconf 83' lang='lat' dir='ltr'>deinde</span> <span class='ocrx_word' id='word_1_220' title='bbox 1832 1112 1963 1148; x_wconf 69' lang='lat' dir='ltr'>‘resum-</span> 
     </span>
     <span class='ocr_line' id='line_1_21' title="bbox 265 1165 730 1213; baseline 0.006 -13"><span class='ocrx_word' id='word_1_221' title='bbox 265 1167 471 1213; x_wconf 27' lang='lat' dir='ltr'>tprisvitibus</span> <span class='ocrx_word' id='word_1_222' title='bbox 495 1165 730 1207; x_wconf 43' lang='lat' dir='ltr'>effervescunt-2⁵</span> 
     </span>
    </p>
   </div>
   <div class='ocr_carea' id='block_1_3' title="bbox 253 1228 1965 1971">
    <p class='ocr_par' dir='ltr' id='par_1_4' title="bbox 253 1228 1965 1971">
     <span class='ocr_line' id='line_1_22' title="bbox 365 1228 1964 1280; baseline -0.003 -15"><span class='ocrx_word' id='word_1_223' title='bbox 365 1235 503 1276; x_wconf 80' lang='lat' dir='ltr'>Qiaeres</span> <span class='ocrx_word' id='word_1_224' title='bbox 516 1229 672 1268; x_wconf 75' lang='lat' dir='ltr'>secundo.</span> <span class='ocrx_word' id='word_1_225' title='bbox 722 1233 909 1276; x_wconf 85' lang='lat' dir='ltr'>Quomodo</span> <span class='ocrx_word' id='word_1_226' title='bbox 923 1233 1076 1280; x_wconf 52' lang='lat' dir='ltr'>praedieh</span> <span class='ocrx_word' id='word_1_227' title='bbox 1092 1236 1227 1267; x_wconf 85' lang='lat' dir='ltr'>materia</span> <span class='ocrx_word' id='word_1_228' title='bbox 1241 1230 1460 1268; x_wconf 76' lang='lat' dir='ltr'>subterraneis</span> <span class='ocrx_word' id='word_1_229' title='bbox 1481 1229 1784 1280; x_wconf 68' lang='lat' dir='ltr'>iguibns&#39;pe&#39;rpetuo</span> <span class='ocrx_word' id='word_1_230' title='bbox 1803 1228 1964 1263; x_wconf 78' lang='lat' dir='ltr'>submini-</span> 
     </span>
     <span class='ocr_line' id='line_1_23' title="bbox 264 1277 1964 1330; baseline -0.002 -14"><span class='ocrx_word' id='word_1_231' title='bbox 264 1282 358 1316; x_wconf 87' lang='lat' dir='ltr'>strari</span> <span class='ocrx_word' id='word_1_232' title='bbox 373 1280 497 1328; x_wconf 75' lang='lat' dir='ltr'>potest?</span> <span class='ocrx_word' id='word_1_233' title='bbox 547 1280 762 1328; x_wconf 82' lang='lat' dir='ltr'>Responde0‚</span> <span class='ocrx_word' id='word_1_234' title='bbox 778 1281 848 1317; x_wconf 88' lang='lat' dir='ltr'>fieri</span> <span class='ocrx_word' id='word_1_235' title='bbox 866 1285 929 1316; x_wconf 91' lang='lat' dir='ltr'>hoc</span> <span class='ocrx_word' id='word_1_236' title='bbox 943 1283 1066 1328; x_wconf 87' lang='lat' dir='ltr'>duplici</span> <span class='ocrx_word' id='word_1_237' title='bbox 1084 1286 1185 1316; x_wconf 88' lang='lat' dir='ltr'>modo</span> <span class='ocrx_word' id='word_1_238' title='bbox 1196 1282 1306 1330; x_wconf 76' lang='lat' dir='ltr'>polle3</span> <span class='ocrx_word' id='word_1_239' title='bbox 1333 1282 1444 1328; x_wconf 77' lang='lat' dir='ltr'>primo</span> <span class='ocrx_word' id='word_1_240' title='bbox 1464 1285 1504 1316; x_wconf 85' lang='lat' dir='ltr'>ab</span> <span class='ocrx_word' id='word_1_241' title='bbox 1523 1293 1608 1329; x_wconf 80' lang='lat' dir='ltr'>aqua</span> <span class='ocrx_word' id='word_1_242' title='bbox 1623 1284 1749 1315; x_wconf 80' lang='lat' dir='ltr'>marina</span> <span class='ocrx_word' id='word_1_243' title='bbox 1762 1305 1772 1318; x_wconf 91' lang='lat'>,</span> <span class='ocrx_word' id='word_1_244' title='bbox 1799 1292 1870 1327; x_wconf 81' lang='lat' dir='ltr'>quae</span> <span class='ocrx_word' id='word_1_245' title='bbox 1885 1277 1964 1312; x_wconf 70' lang='lat' dir='ltr'>cum</span> 
     </span>
     <span class='ocr_line' id='line_1_24' title="bbox 264 1328 1962 1379; baseline -0.004 -13"><span class='ocrx_word' id='word_1_246' title='bbox 264 1334 397 1379; x_wconf 84' lang='lat' dir='ltr'>pinguis</span> <span class='ocrx_word' id='word_1_247' title='bbox 409 1334 442 1366; x_wconf 88' lang='lat'><strong>&amp;</strong></span> <span class='ocrx_word' id='word_1_248' title='bbox 457 1329 565 1364; x_wconf 85' lang='lat' dir='ltr'>oleola</span> <span class='ocrx_word' id='word_1_249' title='bbox 580 1328 618 1364; x_wconf 86' lang='lat' dir='ltr'>fit</span> <span class='ocrx_word' id='word_1_250' title='bbox 629 1353 639 1370; x_wconf 90' lang='lat'>‚</span> <span class='ocrx_word' id='word_1_251' title='bbox 675 1329 818 1366; x_wconf 90' lang='lat' dir='ltr'>multum</span> <span class='ocrx_word' id='word_1_252' title='bbox 842 1331 1007 1379; x_wconf 78' lang='lat' dir='ltr'>sulphuris</span> <span class='ocrx_word' id='word_1_253' title='bbox 1019 1345 1056 1367; x_wconf 92' lang='lat' dir='ltr'>ac</span> <span class='ocrx_word' id='word_1_254' title='bbox 1073 1331 1245 1366; x_wconf 86' lang='lat' dir='ltr'>bituminis</span> <span class='ocrx_word' id='word_1_255' title='bbox 1268 1331 1386 1370; x_wconf 87' lang='lat' dir='ltr'>habet,</span> <span class='ocrx_word' id='word_1_256' title='bbox 1410 1335 1496 1366; x_wconf 84' lang='lat' dir='ltr'>inter</span> <span class='ocrx_word' id='word_1_257' title='bbox 1509 1333 1629 1366; x_wconf 85' lang='lat' dir='ltr'>viscera</span> <span class='ocrx_word' id='word_1_258' title='bbox 1639 1334 1728 1364; x_wconf 86' lang='lat' dir='ltr'>enim</span> <span class='ocrx_word' id='word_1_259' title='bbox 1747 1344 1777 1364; x_wconf 87' lang='lat' dir='ltr'>v.</span> <span class='ocrx_word' id='word_1_260' title='bbox 1791 1343 1823 1377; x_wconf 74' lang='lat' dir='ltr'>g.</span> <span class='ocrx_word' id='word_1_261' title='bbox 1834 1329 1962 1363; x_wconf 83' lang='lat' dir='ltr'>monti-</span> 
     </span>
     <span class='ocr_line' id='line_1_25' title="bbox 264 1379 1963 1429; baseline -0.004 -13"><span class='ocrx_word' id='word_1_262' title='bbox 264 1394 323 1416; x_wconf 89' lang='lat' dir='ltr'>um</span> <span class='ocrx_word' id='word_1_263' title='bbox 339 1392 431 1415; x_wconf 81' lang='lat' dir='ltr'>antra</span> <span class='ocrx_word' id='word_1_264' title='bbox 445 1383 479 1414; x_wconf 89' lang='lat'>&amp;</span> <span class='ocrx_word' id='word_1_265' title='bbox 493 1381 600 1414; x_wconf 86' lang='lat' dir='ltr'>hiatus</span> <span class='ocrx_word' id='word_1_266' title='bbox 614 1379 774 1426; x_wconf 84' lang='lat' dir='ltr'>profundi</span> <span class='ocrx_word' id='word_1_267' title='bbox 787 1393 1007 1420; x_wconf 85' lang='lat' dir='ltr'>excavantur,</span> <span class='ocrx_word' id='word_1_268' title='bbox 1032 1383 1125 1429; x_wconf 75' lang='lat' dir='ltr'>aquis</span> <span class='ocrx_word' id='word_1_269' title='bbox 1137 1381 1224 1427; x_wconf 87' lang='lat' dir='ltr'>pleni</span> <span class='ocrx_word' id='word_1_270' title='bbox 1237 1386 1277 1415; x_wconf 69' lang='lat' dir='ltr'>ex</span> <span class='ocrx_word' id='word_1_271' title='bbox 1291 1380 1461 1415; x_wconf 88' lang='lat' dir='ltr'>matiilluc</span> <span class='ocrx_word' id='word_1_272' title='bbox 1475 1380 1589 1416; x_wconf 84' lang='lat' dir='ltr'>delatis</span> <span class='ocrx_word' id='word_1_273' title='bbox 1603 1393 1658 1426; x_wconf 88' lang='lat' dir='ltr'>per</span> <span class='ocrx_word' id='word_1_274' title='bbox 1671 1379 1900 1413; x_wconf 85' lang='lat' dir='ltr'>subterraneos</span> <span class='ocrx_word' id='word_1_275' title='bbox 1909 1388 1963 1411; x_wconf 74' lang='lat' dir='ltr'>ca·</span> 
     </span>
     <span class='ocr_line' id='line_1_26' title="bbox 263 1426 1965 1478; baseline -0.002 -14"><span class='ocrx_word' id='word_1_276' title='bbox 263 1430 353 1465; x_wconf 83' lang='lat' dir='ltr'>nales</span> <span class='ocrx_word' id='word_1_277' title='bbox 367 1456 378 1474; x_wconf 88' lang='lat'>‚</span> <span class='ocrx_word' id='word_1_278' title='bbox 403 1442 474 1477; x_wconf 81' lang='lat' dir='ltr'>quae</span> <span class='ocrx_word' id='word_1_279' title='bbox 495 1429 570 1464; x_wconf 70' lang='lat' dir='ltr'>cum</span> <span class='ocrx_word' id='word_1_280' title='bbox 593 1429 658 1463; x_wconf 88' lang='lat' dir='ltr'>fint</span> <span class='ocrx_word' id='word_1_281' title='bbox 671 1433 811 1477; x_wconf 83' lang='lat' dir='ltr'>pingues</span> <span class='ocrx_word' id='word_1_282' title='bbox 829 1435 863 1465; x_wconf 75' lang='grc' dir='ltr'>δε</span> <span class='ocrx_word' id='word_1_283' title='bbox 876 1431 991 1466; x_wconf 81' lang='lat' dir='ltr'>oleolae</span> <span class='ocrx_word' id='word_1_284' title='bbox 1004 1455 1013 1469; x_wconf 94' lang='lat'>,</span> <span class='ocrx_word' id='word_1_285' title='bbox 1041 1431 1146 1478; x_wconf 86' lang='lat' dir='ltr'>potest</span> <span class='ocrx_word' id='word_1_286' title='bbox 1162 1431 1351 1475; x_wconf 80' lang='lat' dir='ltr'>hujusmodi</span> <span class='ocrx_word' id='word_1_287' title='bbox 1370 1430 1685 1465; x_wconf 71' lang='lat' dir='ltr'>materia-continuo</span> <span class='ocrx_word' id='word_1_288' title='bbox 1705 1426 1965 1465; x_wconf 78' lang='lat' dir='ltr'>subministrari.</span> 
     </span>
     <span class='ocr_line' id='line_1_27' title="bbox 260 1475 1961 1528; baseline -0.003 -14"><span class='ocrx_word' id='word_1_289' title='bbox 260 1480 339 1514; x_wconf 79' lang='lat' dir='ltr'>Ideo</span> <span class='ocrx_word' id='word_1_290' title='bbox 357 1482 390 1514; x_wconf 92' lang='lat' dir='ltr'>in</span> <span class='ocrx_word' id='word_1_291' title='bbox 403 1478 520 1513; x_wconf 81' lang='lat' dir='ltr'>insulis</span> <span class='ocrx_word' id='word_1_292' title='bbox 533 1483 567 1514; x_wconf 60' lang='grc' dir='ltr'>ὅ(</span> <span class='ocrx_word' id='word_1_293' title='bbox 581 1478 662 1512; x_wconf 86' lang='lat' dir='ltr'>iocis</span> <span class='ocrx_word' id='word_1_294' title='bbox 672 1482 846 1514; x_wconf 85' lang='lat' dir='ltr'>maritimis</span> <span class='ocrx_word' id='word_1_295' title='bbox 861 1480 1108 1528; x_wconf 86' lang='lat' dir='ltr'>frequentiores</span> <span class='ocrx_word' id='word_1_296' title='bbox 1118 1481 1311 1525; x_wconf 85' lang='lat' dir='ltr'>hujusmodi</span> <span class='ocrx_word' id='word_1_297' title='bbox 1321 1479 1510 1527; x_wconf 67' lang='lat' dir='ltr'>spedicantur</span> <span class='ocrx_word' id='word_1_298' title='bbox 1523 1482 1637 1527; x_wconf 80' lang='lat' dir='ltr'>ignes;</span> <span class='ocrx_word' id='word_1_299' title='bbox 1662 1483 1696 1514; x_wconf 75' lang='grc' dir='ltr'>δε</span> <span class='ocrx_word' id='word_1_300' title='bbox 1711 1478 1788 1513; x_wconf 90' lang='lat' dir='ltr'>hinc</span> <span class='ocrx_word' id='word_1_301' title='bbox 1797 1478 1855 1517; x_wconf 88' lang='lat' dir='ltr'>est,</span> <span class='ocrx_word' id='word_1_302' title='bbox 1868 1475 1961 1525; x_wconf 65' lang='lat' dir='ltr'>quod</span> 
     </span>
     <span class='ocr_line' id='line_1_28' title="bbox 262 1528 1956 1576; baseline -0.002 -13"><span class='ocrx_word' id='word_1_303' title='bbox 262 1529 444 1576; x_wconf 80' lang='lat' dir='ltr'>aliquando</span> <span class='ocrx_word' id='word_1_304' title='bbox 459 1528 597 1562; x_wconf 77' lang='lat' dir='ltr'>flammae</span> <span class='ocrx_word' id='word_1_305' title='bbox 608 1529 763 1564; x_wconf 79' lang='lat' dir='ltr'>admixtae</span> <span class='ocrx_word' id='word_1_306' title='bbox 781 1531 880 1564; x_wconf 87' lang='lat' dir='ltr'>undis</span> <span class='ocrx_word' id='word_1_307' title='bbox 894 1541 1094 1576; x_wconf 78' lang='lat' dir='ltr'>erumpant3</span> <span class='ocrx_word' id='word_1_308' title='bbox 1124 1534 1156 1564; x_wconf 90' lang='lat'><strong>&amp;</strong></span> <span class='ocrx_word' id='word_1_309' title='bbox 1170 1529 1354 1575; x_wconf 82' lang='lat' dir='ltr'>aliquando</span> <span class='ocrx_word' id='word_1_310' title='bbox 1374 1531 1528 1563; x_wconf 79' lang='lat' dir='ltr'>incendia</span> <span class='ocrx_word' id='word_1_311' title='bbox 1547 1530 1697 1563; x_wconf 82' lang='lat' dir='ltr'>desinant</span> <span class='ocrx_word' id='word_1_312' title='bbox 1721 1531 1757 1562; x_wconf 87' lang='lat' dir='ltr'>in</span> <span class='ocrx_word' id='word_1_313' title='bbox 1780 1528 1888 1565; x_wconf 85' lang='lat' dir='ltr'>lacus,</span> <span class='ocrx_word' id='word_1_314' title='bbox 1920 1528 1956 1560; x_wconf 73' lang='grc' dir='ltr'>δε</span> 
     </span>
     <span class='ocr_line' id='line_1_29' title="bbox 261 1575 1958 1626; baseline -0.002 -13"><span class='ocrx_word' id='word_1_315' title='bbox 261 1578 319 1613; x_wconf 89' lang='lat' dir='ltr'>ubi</span> <span class='ocrx_word' id='word_1_316' title='bbox 334 1590 457 1624; x_wconf 81' lang='lat' dir='ltr'>magnae</span> <span class='ocrx_word' id='word_1_317' title='bbox 470 1576 563 1612; x_wconf 73' lang='lat' dir='ltr'>fuere</span> <span class='ocrx_word' id='word_1_318' title='bbox 583 1577 666 1612; x_wconf 86' lang='lat' dir='ltr'>olim</span> <span class='ocrx_word' id='word_1_319' title='bbox 680 1582 847 1620; x_wconf 86' lang='lat' dir='ltr'>civitates,</span> <span class='ocrx_word' id='word_1_320' title='bbox 877 1593 948 1626; x_wconf 71' lang='lat' dir='ltr'>qua.v</span> <span class='ocrx_word' id='word_1_321' title='bbox 962 1592 1054 1614; x_wconf 80' lang='lat' dir='ltr'>terrae</span> <span class='ocrx_word' id='word_1_322' title='bbox 1066 1579 1215 1613; x_wconf 83' lang='lat' dir='ltr'>motibus</span> <span class='ocrx_word' id='word_1_323' title='bbox 1228 1583 1263 1614; x_wconf 74' lang='grc' dir='ltr'>δε</span> <span class='ocrx_word' id='word_1_324' title='bbox 1282 1579 1445 1613; x_wconf 80' lang='lat' dir='ltr'>incendiis</span> <span class='ocrx_word' id='word_1_325' title='bbox 1459 1579 1615 1613; x_wconf 78' lang='lat' dir='ltr'>subversae</span> <span class='ocrx_word' id='word_1_326' title='bbox 1628 1578 1704 1612; x_wconf 80' lang='lat' dir='ltr'>sunt</span> <span class='ocrx_word' id='word_1_327' title='bbox 1716 1601 1725 1616; x_wconf 90' lang='lat'>,</span> <span class='ocrx_word' id='word_1_328' title='bbox 1752 1588 1839 1612; x_wconf 84' lang='lat' dir='ltr'>nunc</span> <span class='ocrx_word' id='word_1_329' title='bbox 1851 1575 1958 1611; x_wconf 78' lang='lat' dir='ltr'>tristes</span> 
     </span>
     <span class='ocr_line' id='line_1_30' title="bbox 261 1626 1958 1676; baseline -0.002 -14"><span class='ocrx_word' id='word_1_330' title='bbox 261 1626 473 1671; x_wconf 83' lang='lat' dir='ltr'>&amp;sulphurei</span> <span class='ocrx_word' id='word_1_331' title='bbox 490 1627 631 1661; x_wconf 87' lang='lat' dir='ltr'>existant</span> <span class='ocrx_word' id='word_1_332' title='bbox 651 1627 750 1665; x_wconf 81' lang='lat' dir='ltr'>lacus.</span> <span class='ocrx_word' id='word_1_333' title='bbox 800 1629 1081 1674; x_wconf 78' lang='lat' dir='ltr'>Secundo,potest</span> <span class='ocrx_word' id='word_1_334' title='bbox 1094 1633 1295 1675; x_wconf 78' lang='lat' dir='ltr'>perpetuitas</span> <span class='ocrx_word' id='word_1_335' title='bbox 1313 1628 1425 1674; x_wconf 77' lang='lat' dir='ltr'>pabuli</span> <span class='ocrx_word' id='word_1_336' title='bbox 1441 1628 1555 1663; x_wconf 82' lang='lat' dir='ltr'>talium</span> <span class='ocrx_word' id='word_1_337' title='bbox 1569 1630 1697 1676; x_wconf 86' lang='lat' dir='ltr'>ignium</span> <span class='ocrx_word' id='word_1_338' title='bbox 1711 1628 1836 1661; x_wconf 82' lang='lat' dir='ltr'>desumi</span> <span class='ocrx_word' id='word_1_339' title='bbox 1846 1637 1958 1662; x_wconf 83' lang='lat' dir='ltr'>exeo,</span> 
     </span>
     <span class='ocr_line' id='line_1_31' title="bbox 261 1675 1956 1724; baseline -0.002 -13"><span class='ocrx_word' id='word_1_340' title='bbox 261 1677 353 1724; x_wconf 88' lang='lat' dir='ltr'>quod</span> <span class='ocrx_word' id='word_1_341' title='bbox 366 1679 400 1710; x_wconf 89' lang='lat' dir='ltr'>in</span> <span class='ocrx_word' id='word_1_342' title='bbox 416 1678 652 1710; x_wconf 76' lang='lat' dir='ltr'>concameratis</span> <span class='ocrx_word' id='word_1_343' title='bbox 668 1687 760 1710; x_wconf 85' lang='lat' dir='ltr'>terrae</span> <span class='ocrx_word' id='word_1_344' title='bbox 777 1688 855 1711; x_wconf 86' lang='lat' dir='ltr'>cave</span> <span class='ocrx_word' id='word_1_345' title='bbox 899 1680 923 1710; x_wconf 90' lang='lat' dir='ltr'>is</span> <span class='ocrx_word' id='word_1_346' title='bbox 943 1679 1080 1711; x_wconf 83' lang='lat' dir='ltr'>materia</span> <span class='ocrx_word' id='word_1_347' title='bbox 1094 1677 1295 1711; x_wconf 83' lang='lat' dir='ltr'>bituminosa</span> <span class='ocrx_word' id='word_1_348' title='bbox 1307 1701 1317 1717; x_wconf 90' lang='lat'>,</span> <span class='ocrx_word' id='word_1_349' title='bbox 1342 1680 1378 1711; x_wconf 74' lang='grc' dir='ltr'>ἅτ</span> <span class='ocrx_word' id='word_1_350' title='bbox 1392 1677 1567 1724; x_wconf 87' lang='lat' dir='ltr'>sulphurea</span> <span class='ocrx_word' id='word_1_351' title='bbox 1575 1677 1669 1711; x_wconf 75' lang='lat' dir='ltr'>abeat</span> <span class='ocrx_word' id='word_1_352' title='bbox 1686 1679 1720 1710; x_wconf 90' lang='lat' dir='ltr'>in</span> <span class='ocrx_word' id='word_1_353' title='bbox 1736 1675 1956 1711; x_wconf 56' lang='lat' dir='ltr'>tenuesflamh</span> 
     </span>
     <span class='ocr_line' id='line_1_32' title="bbox 257 1723 1954 1772; baseline -0.002 -12"><span class='ocrx_word' id='word_1_354' title='bbox 257 1738 327 1761; x_wconf 85' lang='lat' dir='ltr'>mas</span> <span class='ocrx_word' id='word_1_355' title='bbox 337 1749 347 1764; x_wconf 90' lang='lat'>,</span> <span class='ocrx_word' id='word_1_356' title='bbox 374 1729 407 1760; x_wconf 88' lang='lat'>&amp;</span> <span class='ocrx_word' id='word_1_357' title='bbox 422 1726 471 1759; x_wconf 77' lang='lat' dir='ltr'>hae</span> <span class='ocrx_word' id='word_1_358' title='bbox 482 1750 492 1765; x_wconf 83' lang='lat'>,</span> <span class='ocrx_word' id='word_1_359' title='bbox 518 1728 595 1772; x_wconf 85' lang='lat' dir='ltr'>quia</span> <span class='ocrx_word' id='word_1_360' title='bbox 606 1727 755 1759; x_wconf 80' lang='lat' dir='ltr'>converti</span> <span class='ocrx_word' id='word_1_361' title='bbox 768 1737 939 1772; x_wconf 88' lang='lat' dir='ltr'>nequeunt</span> <span class='ocrx_word' id='word_1_362' title='bbox 950 1728 984 1760; x_wconf 88' lang='lat' dir='ltr'>in</span> <span class='ocrx_word' id='word_1_363' title='bbox 994 1728 1101 1760; x_wconf 68' lang='lat' dir='ltr'>ae&#39;rern</span> <span class='ocrx_word' id='word_1_364' title='bbox 1113 1737 1229 1772; x_wconf 81' lang='lat' dir='ltr'>utpote</span> <span class='ocrx_word' id='word_1_365' title='bbox 1238 1725 1422 1760; x_wconf 81' lang='lat' dir='ltr'>interclulae</span> <span class='ocrx_word' id='word_1_366' title='bbox 1435 1749 1445 1764; x_wconf 91' lang='lat'>,</span> <span class='ocrx_word' id='word_1_367' title='bbox 1485 1724 1613 1760; x_wconf 86' lang='lat' dir='ltr'>rursum</span> <span class='ocrx_word' id='word_1_368' title='bbox 1624 1726 1776 1760; x_wconf 83' lang='lat' dir='ltr'>decidant</span> <span class='ocrx_word' id='word_1_369' title='bbox 1789 1723 1954 1760; x_wconf 74' lang='lat' dir='ltr'>conversae</span> 
     </span>
     <span class='ocr_line' id='line_1_33' title="bbox 256 1773 1954 1823; baseline -0.002 -13"><span class='ocrx_word' id='word_1_370' title='bbox 256 1778 292 1810; x_wconf 90' lang='lat' dir='ltr'>in</span> <span class='ocrx_word' id='word_1_371' title='bbox 306 1774 441 1820; x_wconf 88' lang='lat' dir='ltr'>sulphur</span> <span class='ocrx_word' id='word_1_372' title='bbox 453 1796 464 1811; x_wconf 79' lang='lat'><em>‚</em></span> <span class='ocrx_word' id='word_1_373' title='bbox 494 1778 527 1809; x_wconf 89' lang='lat'>&amp;</span> <span class='ocrx_word' id='word_1_374' title='bbox 541 1773 715 1821; x_wconf 75' lang='lat' dir='ltr'>bitumen3</span> <span class='ocrx_word' id='word_1_375' title='bbox 743 1774 930 1823; x_wconf 71' lang='lat' dir='ltr'>iterumque</span> <span class='ocrx_word' id='word_1_376' title='bbox 940 1775 1155 1809; x_wconf 84' lang='lat' dir='ltr'>elevanturin</span> <span class='ocrx_word' id='word_1_377' title='bbox 1166 1775 1313 1809; x_wconf 76' lang='lat' dir='ltr'>flammas</span> <span class='ocrx_word' id='word_1_378' title='bbox 1323 1797 1333 1813; x_wconf 88' lang='lat'>‚</span> <span class='ocrx_word' id='word_1_379' title='bbox 1360 1778 1394 1809; x_wconf 69' lang='grc' dir='ltr'>δε</span> <span class='ocrx_word' id='word_1_380' title='bbox 1404 1777 1523 1809; x_wconf 89' lang='lat' dir='ltr'>iterum</span> <span class='ocrx_word' id='word_1_381' title='bbox 1535 1776 1685 1809; x_wconf 81' lang='lat' dir='ltr'>decidant</span> <span class='ocrx_word' id='word_1_382' title='bbox 1695 1777 1730 1809; x_wconf 89' lang='lat' dir='ltr'>in</span> <span class='ocrx_word' id='word_1_383' title='bbox 1745 1776 1896 1821; x_wconf 84' lang='lat' dir='ltr'>sulphur,</span> <span class='ocrx_word' id='word_1_384' title='bbox 1917 1776 1954 1807; x_wconf 86' lang='lat'>&amp;</span> 
     </span>
     <span class='ocr_line' id='line_1_34' title="bbox 256 1822 1954 1870; baseline -0.001 -11"><span class='ocrx_word' id='word_1_385' title='bbox 256 1824 407 1859; x_wconf 88' lang='lat' dir='ltr'>bitumen</span> <span class='ocrx_word' id='word_1_386' title='bbox 418 1835 635 1857; x_wconf 82' lang='lat' dir='ltr'>concurrente</span> <span class='ocrx_word' id='word_1_387' title='bbox 650 1824 688 1856; x_wconf 81' lang='lat' dir='ltr'>ad</span> <span class='ocrx_word' id='word_1_388' title='bbox 702 1823 735 1856; x_wconf 82' lang='lat' dir='ltr'>id</span> <span class='ocrx_word' id='word_1_389' title='bbox 745 1822 808 1858; x_wconf 81' lang='lat' dir='ltr'>situ</span> <span class='ocrx_word' id='word_1_390' title='bbox 819 1847 830 1863; x_wconf 94' lang='lat'>,</span> <span class='ocrx_word' id='word_1_391' title='bbox 857 1837 892 1857; x_wconf 91' lang='lat' dir='ltr'>ac</span> <span class='ocrx_word' id='word_1_392' title='bbox 903 1835 1167 1870; x_wconf 78' lang='lat' dir='ltr'>temperamento</span> <span class='ocrx_word' id='word_1_393' title='bbox 1178 1825 1317 1858; x_wconf 81' lang='lat' dir='ltr'>humido</span> <span class='ocrx_word' id='word_1_394' title='bbox 1327 1848 1338 1864; x_wconf 95' lang='lat'>‚</span> <span class='ocrx_word' id='word_1_395' title='bbox 1367 1828 1400 1858; x_wconf 89' lang='lat'>&amp;</span> <span class='ocrx_word' id='word_1_396' title='bbox 1411 1824 1523 1858; x_wconf 86' lang='lat' dir='ltr'>oleoso</span> <span class='ocrx_word' id='word_1_397' title='bbox 1533 1837 1690 1862; x_wconf 67' lang='lat' dir='ltr'>cavernae.</span> <span class='ocrx_word' id='word_1_398' title='bbox 1742 1827 1848 1859; x_wconf 82' lang='lat' dir='ltr'>Ratio</span> <span class='ocrx_word' id='word_1_399' title='bbox 1857 1822 1954 1857; x_wconf 87' lang='lat' dir='ltr'>desu-</span> 
     </span>
     <span class='ocr_line' id='line_1_35' title="bbox 253 1871 1954 1920; baseline -0.002 -12"><span class='ocrx_word' id='word_1_400' title='bbox 253 1873 382 1910; x_wconf 66' lang='lat' dir='ltr'>mitura</span> <span class='ocrx_word' id='word_1_401' title='bbox 397 1875 488 1919; x_wconf 83' lang='lat' dir='ltr'>pari,</span> <span class='ocrx_word' id='word_1_402' title='bbox 517 1884 594 1906; x_wconf 86' lang='lat' dir='ltr'>narn</span> <span class='ocrx_word' id='word_1_403' title='bbox 618 1871 716 1906; x_wconf 77' lang='lat' dir='ltr'>fimili</span> <span class='ocrx_word' id='word_1_404' title='bbox 739 1872 956 1907; x_wconf 83' lang='lat' dir='ltr'>circulatione</span> <span class='ocrx_word' id='word_1_405' title='bbox 968 1875 1158 1920; x_wconf 84' lang='lat' dir='ltr'>gignuntur</span> <span class='ocrx_word' id='word_1_406' title='bbox 1176 1875 1276 1907; x_wconf 89' lang='lat' dir='ltr'>etiarn</span> <span class='ocrx_word' id='word_1_407' title='bbox 1296 1875 1384 1907; x_wconf 86' lang='lat' dir='ltr'>intra</span> <span class='ocrx_word' id='word_1_408' title='bbox 1405 1877 1572 1907; x_wconf 85' lang='lat' dir='ltr'>montium</span> <span class='ocrx_word' id='word_1_409' title='bbox 1593 1874 1717 1908; x_wconf 77' lang='lat' dir='ltr'>viscera</span> <span class='ocrx_word' id='word_1_410' title='bbox 1743 1884 1905 1920; x_wconf 85' lang='lat' dir='ltr'>perennes</span> <span class='ocrx_word' id='word_1_411' title='bbox 1919 1884 1954 1905; x_wconf 77' lang='lat' dir='ltr'>a·</span> 
     </span>
     <span class='ocr_line' id='line_1_36' title="bbox 258 1921 1717 1971; baseline -0.001 -14"><span class='ocrx_word' id='word_1_412' title='bbox 258 1935 402 1971; x_wconf 88' lang='lat' dir='ltr'>quarum</span> <span class='ocrx_word' id='word_1_413' title='bbox 425 1922 659 1970; x_wconf 80' lang='lat' dir='ltr'>scaturigines,</span> <span class='ocrx_word' id='word_1_414' title='bbox 684 1934 766 1970; x_wconf 86' lang='lat' dir='ltr'>ergo</span> <span class='ocrx_word' id='word_1_415' title='bbox 787 1924 886 1958; x_wconf 84' lang='lat' dir='ltr'>etiarn</span> <span class='ocrx_word' id='word_1_416' title='bbox 903 1921 945 1957; x_wconf 83' lang='lat' dir='ltr'>fic</span> <span class='ocrx_word' id='word_1_417' title='bbox 966 1932 1125 1969; x_wconf 89' lang='lat' dir='ltr'>poterunt</span> <span class='ocrx_word' id='word_1_418' title='bbox 1148 1924 1243 1969; x_wconf 82' lang='lat' dir='ltr'>gigni</span> <span class='ocrx_word' id='word_1_419' title='bbox 1268 1933 1428 1969; x_wconf 83' lang='lat' dir='ltr'>perennes</span> <span class='ocrx_word' id='word_1_420' title='bbox 1449 1924 1578 1971; x_wconf 78' lang='lat' dir='ltr'>ignium</span> <span class='ocrx_word' id='word_1_421' title='bbox 1597 1922 1717 1957; x_wconf 81' lang='lat' dir='ltr'>sontes.</span> 
     </span>
    </p>
   </div>
   <div class='ocr_carea' id='block_1_4' title="bbox 250 1984 1958 3071">
    <p class='ocr_par' dir='ltr' id='par_1_5' title="bbox 250 1984 1958 3071">
     <span class='ocr_line' id='line_1_37' title="bbox 380 1984 1958 2034; baseline 0.001 -15"><span class='ocrx_word' id='word_1_422' title='bbox 380 1988 516 2032; x_wconf 85' lang='lat' dir='ltr'>Qaetes</span> <span class='ocrx_word' id='word_1_423' title='bbox 527 1987 645 2024; x_wconf 76' lang='lat' dir='ltr'>tertio:</span> <span class='ocrx_word' id='word_1_424' title='bbox 672 1985 856 2021; x_wconf 80' lang='lat' dir='ltr'>Occasione</span> <span class='ocrx_word' id='word_1_425' title='bbox 877 1988 996 2034; x_wconf 84' lang='lat' dir='ltr'>prioris</span> <span class='ocrx_word' id='word_1_426' title='bbox 1013 1984 1173 2028; x_wconf 78' lang='lat' dir='ltr'>Quaesiti‚</span> <span class='ocrx_word' id='word_1_427' title='bbox 1200 1998 1314 2022; x_wconf 87' lang='lat' dir='ltr'>utrum</span> <span class='ocrx_word' id='word_1_428' title='bbox 1333 1986 1445 2034; x_wconf 89' lang='lat' dir='ltr'>aliqua</span> <span class='ocrx_word' id='word_1_429' title='bbox 1466 1999 1534 2022; x_wconf 88' lang='lat' dir='ltr'>arte</span> <span class='ocrx_word' id='word_1_430' title='bbox 1552 1988 1646 2032; x_wconf 80' lang='lat' dir='ltr'>poffit</span> <span class='ocrx_word' id='word_1_431' title='bbox 1671 1987 1790 2022; x_wconf 80' lang='lat' dir='ltr'>confici</span> <span class='ocrx_word' id='word_1_432' title='bbox 1812 1986 1958 2033; x_wconf 75' lang='lat' dir='ltr'>lampas,</span> 
     </span>
     <span class='ocr_line' id='line_1_38' title="bbox 257 2034 1958 2083; baseline 0 -14"><span class='ocrx_word' id='word_1_433' title='bbox 257 2034 311 2069; x_wconf 90' lang='lat' dir='ltr'>vel</span> <span class='ocrx_word' id='word_1_434' title='bbox 333 2036 490 2073; x_wconf 84' lang='lat' dir='ltr'>candela,</span> <span class='ocrx_word' id='word_1_435' title='bbox 517 2047 591 2083; x_wconf 89' lang='lat' dir='ltr'>quae</span> <span class='ocrx_word' id='word_1_436' title='bbox 603 2036 764 2082; x_wconf 72' lang='lat' dir='ltr'>perpetuo</span> <span class='ocrx_word' id='word_1_437' title='bbox 784 2037 896 2071; x_wconf 78' lang='lat' dir='ltr'>ardeat</span> <span class='ocrx_word' id='word_1_438' title='bbox 913 2037 931 2075; x_wconf 80' lang='lat'>¹?</span> <span class='ocrx_word' id='word_1_439' title='bbox 982 2034 1165 2070; x_wconf 77' lang='lat' dir='ltr'>Affirmant</span> <span class='ocrx_word' id='word_1_440' title='bbox 1185 2037 1345 2072; x_wconf 86' lang='lat' dir='ltr'>nonnulli</span> <span class='ocrx_word' id='word_1_441' title='bbox 1364 2037 1509 2072; x_wconf 76' lang='lat' dir='ltr'>maxime</span> <span class='ocrx_word' id='word_1_442' title='bbox 1536 2039 1695 2072; x_wconf 86' lang='lat' dir='ltr'>Historici</span> <span class='ocrx_word' id='word_1_443' title='bbox 1724 2038 1822 2071; x_wconf 85' lang='lat' dir='ltr'>variis</span> <span class='ocrx_word' id='word_1_444' title='bbox 1846 2047 1958 2070; x_wconf 85' lang='lat' dir='ltr'>exem-</span> 
     </span>
     <span class='ocr_line' id='line_1_39' title="bbox 255 2084 1956 2134; baseline 0 -16"><span class='ocrx_word' id='word_1_445' title='bbox 255 2084 319 2131; x_wconf 87' lang='lat' dir='ltr'>plis</span> <span class='ocrx_word' id='word_1_446' title='bbox 336 2098 404 2121; x_wconf 81' lang='lat' dir='ltr'>tem</span> <span class='ocrx_word' id='word_1_447' title='bbox 427 2084 698 2131; x_wconf 85' lang='lat' dir='ltr'>comprobantes.</span> <span class='ocrx_word' id='word_1_448' title='bbox 765 2086 816 2121; x_wconf 87' lang='lat' dir='ltr'>Sic</span> <span class='ocrx_word' id='word_1_449' title='bbox 848 2098 1011 2121; x_wconf 84' lang='lat' dir='ltr'>memorat</span> <span class='ocrx_word' id='word_1_450' title='bbox 1030 2085 1184 2124; x_wconf 86' lang='lat' dir='ltr'>Solinus,</span> <span class='ocrx_word' id='word_1_451' title='bbox 1211 2098 1346 2121; x_wconf 90' lang='lat' dir='ltr'>erutum</span> <span class='ocrx_word' id='word_1_452' title='bbox 1372 2089 1544 2134; x_wconf 86' lang='lat' dir='ltr'>quondam</span> <span class='ocrx_word' id='word_1_453' title='bbox 1574 2086 1806 2133; x_wconf 81' lang='lat' dir='ltr'>sepulchrum,</span> <span class='ocrx_word' id='word_1_454' title='bbox 1833 2087 1868 2119; x_wconf 91' lang='lat' dir='ltr'>in</span> <span class='ocrx_word' id='word_1_455' title='bbox 1887 2096 1956 2131; x_wconf 87' lang='lat' dir='ltr'>quo</span> 
     </span>
     <span class='ocr_line' id='line_1_40' title="bbox 254 2134 1955 2182; baseline 0 -14"><span class='ocrx_word' id='word_1_456' title='bbox 254 2135 388 2169; x_wconf 82' lang='lat' dir='ltr'>candela</span> <span class='ocrx_word' id='word_1_457' title='bbox 423 2134 520 2181; x_wconf 86' lang='lat' dir='ltr'>super</span> <span class='ocrx_word' id='word_1_458' title='bbox 557 2146 569 2171; x_wconf 87' lang='lat'><em>1</em></span> <span class='ocrx_word' id='word_1_459' title='bbox 587 2147 604 2180; x_wconf 91' lang='lat'><em>5</em></span> <span class='ocrx_word' id='word_1_460' title='bbox 618 2145 688 2172; x_wconf 64' lang='lat'>000</span> <span class='ocrx_word' id='word_1_461' title='bbox 707 2147 823 2176; x_wconf 66' lang='lat' dir='ltr'>,annos</span> <span class='ocrx_word' id='word_1_462' title='bbox 839 2137 956 2170; x_wconf 87' lang='lat' dir='ltr'>ardens</span> <span class='ocrx_word' id='word_1_463' title='bbox 971 2161 984 2182; x_wconf 85' lang='lat'>‚</span> <span class='ocrx_word' id='word_1_464' title='bbox 1012 2146 1049 2169; x_wconf 86' lang='lat' dir='ltr'>ut</span> <span class='ocrx_word' id='word_1_465' title='bbox 1077 2136 1250 2182; x_wconf 80' lang='lat' dir='ltr'>inscriptio</span> <span class='ocrx_word' id='word_1_466' title='bbox 1275 2135 1475 2175; x_wconf 74' lang='lat' dir='ltr'>testabatur,</span> <span class='ocrx_word' id='word_1_467' title='bbox 1501 2138 1589 2174; x_wconf 84' lang='lat' dir='ltr'>inter</span> <span class='ocrx_word' id='word_1_468' title='bbox 1609 2136 1758 2170; x_wconf 83' lang='lat' dir='ltr'>admotas</span> <span class='ocrx_word' id='word_1_469' title='bbox 1779 2146 1897 2168; x_wconf 88' lang='lat' dir='ltr'>manus</span> <span class='ocrx_word' id='word_1_470' title='bbox 1919 2137 1955 2168; x_wconf 90' lang='lat' dir='ltr'>in</span> 
     </span>
     <span class='ocr_line' id='line_1_41' title="bbox 254 2182 1952 2231; baseline -0.001 -14"><span class='ocrx_word' id='word_1_471' title='bbox 254 2183 427 2230; x_wconf 84' lang='lat' dir='ltr'>pulverem</span> <span class='ocrx_word' id='word_1_472' title='bbox 447 2183 551 2222; x_wconf 77' lang='lat' dir='ltr'>desiit.</span> <span class='ocrx_word' id='word_1_473' title='bbox 605 2186 653 2218; x_wconf 85' lang='lat' dir='ltr'>Ita</span> <span class='ocrx_word' id='word_1_474' title='bbox 675 2186 772 2218; x_wconf 87' lang='lat' dir='ltr'>etiam</span> <span class='ocrx_word' id='word_1_475' title='bbox 796 2185 1000 2220; x_wconf 77' lang='lat' dir='ltr'>l’ancirollus</span> <span class='ocrx_word' id='word_1_476' title='bbox 1019 2183 1076 2219; x_wconf 88' lang='lat' dir='ltr'>lib.</span> <span class='ocrx_word' id='word_1_477' title='bbox 1098 2185 1139 2218; x_wconf 86' lang='lat' dir='ltr'>de</span> <span class='ocrx_word' id='word_1_478' title='bbox 1159 2185 1228 2221; x_wconf 83' lang='lat' dir='ltr'>reb.</span> <span class='ocrx_word' id='word_1_479' title='bbox 1249 2184 1456 2222; x_wconf 74' lang='lat' dir='ltr'>memor-ihil.</span> <span class='ocrx_word' id='word_1_480' title='bbox 1479 2198 1512 2231; x_wconf 74' lang='lat' dir='ltr'>p.</span> <span class='ocrx_word' id='word_1_481' title='bbox 1536 2197 1564 2224; x_wconf 84' lang='grc' dir='ltr'>Ι.</span> <span class='ocrx_word' id='word_1_482' title='bbox 1583 2188 1633 2220; x_wconf 84' lang='lat' dir='ltr'>rit.</span> <span class='ocrx_word' id='word_1_483' title='bbox 1659 2197 1713 2229; x_wconf 80' lang='lat'>35.</span> <span class='ocrx_word' id='word_1_484' title='bbox 1744 2187 1788 2219; x_wconf 83' lang='lat' dir='ltr'>ita</span> <span class='ocrx_word' id='word_1_485' title='bbox 1809 2185 1849 2218; x_wconf 91' lang='lat' dir='ltr'>de</span> <span class='ocrx_word' id='word_1_486' title='bbox 1867 2182 1952 2217; x_wconf 84' lang='lat' dir='ltr'>larn-</span> 
     </span>
     <span class='ocr_line' id='line_1_42' title="bbox 252 2231 1953 2281; baseline 0.001 -15"><span class='ocrx_word' id='word_1_487' title='bbox 252 2233 335 2278; x_wconf 90' lang='lat' dir='ltr'>pade</span> <span class='ocrx_word' id='word_1_488' title='bbox 357 2244 485 2278; x_wconf 85' lang='lat' dir='ltr'>reperta</span> <span class='ocrx_word' id='word_1_489' title='bbox 506 2235 541 2267; x_wconf 87' lang='lat' dir='ltr'>in</span> <span class='ocrx_word' id='word_1_490' title='bbox 565 2231 737 2279; x_wconf 83' lang='lat' dir='ltr'>sepulchro</span> <span class='ocrx_word' id='word_1_491' title='bbox 757 2233 876 2268; x_wconf 73' lang='lat' dir='ltr'>Tull-tae</span> <span class='ocrx_word' id='word_1_492' title='bbox 899 2234 973 2268; x_wconf 66' lang='lat' dir='ltr'>filiae</span> <span class='ocrx_word' id='word_1_493' title='bbox 992 2234 1166 2268; x_wconf 85' lang='lat' dir='ltr'>Ciceronis</span> <span class='ocrx_word' id='word_1_494' title='bbox 1185 2237 1220 2269; x_wconf 86' lang='lat' dir='ltr'>in</span> <span class='ocrx_word' id='word_1_495' title='bbox 1239 2235 1304 2269; x_wconf 69' lang='lat' dir='ltr'>haec</span> <span class='ocrx_word' id='word_1_496' title='bbox 1326 2234 1424 2269; x_wconf 84' lang='lat' dir='ltr'>verba</span> <span class='ocrx_word' id='word_1_497' title='bbox 1443 2234 1573 2272; x_wconf 83' lang='lat' dir='ltr'>scribit:</span> <span class='ocrx_word' id='word_1_498' title='bbox 1600 2234 1826 2281; x_wconf 84' lang='lat' dir='ltr'>praeparabant</span> <span class='ocrx_word' id='word_1_499' title='bbox 1852 2235 1953 2267; x_wconf 85' lang='lat' dir='ltr'>etiam</span> 
     </span>
     <span class='ocr_line' id='line_1_43' title="bbox 254 2280 1952 2331; baseline -0.002 -14"><span class='ocrx_word' id='word_1_500' title='bbox 254 2293 379 2317; x_wconf 83' lang='lat' dir='ltr'>veteres</span> <span class='ocrx_word' id='word_1_501' title='bbox 405 2280 516 2316; x_wconf 83' lang='lat' dir='ltr'>oleum</span> <span class='ocrx_word' id='word_1_502' title='bbox 543 2282 831 2322; x_wconf 80' lang='lat' dir='ltr'>incombustibile.</span> <span class='ocrx_word' id='word_1_503' title='bbox 859 2285 952 2330; x_wconf 86' lang='lat' dir='ltr'>quod</span> <span class='ocrx_word' id='word_1_504' title='bbox 976 2295 1152 2329; x_wconf 74' lang='lat' dir='ltr'>nunquan)</span> <span class='ocrx_word' id='word_1_505' title='bbox 1175 2283 1443 2318; x_wconf 78' lang='lat' dir='ltr'>consumebatur.</span> <span class='ocrx_word' id='word_1_506' title='bbox 1505 2284 1541 2317; x_wconf 87' lang='lat' dir='ltr'>ld</span> <span class='ocrx_word' id='word_1_507' title='bbox 1563 2282 1676 2318; x_wconf 60' lang='lat' dir='ltr'>nostra</span> <span class='ocrx_word' id='word_1_508' title='bbox 1697 2296 1837 2331; x_wconf 87' lang='lat' dir='ltr'>quoque</span> <span class='ocrx_word' id='word_1_509' title='bbox 1858 2293 1952 2316; x_wconf 84' lang='lat' dir='ltr'>aetate</span> 
     </span>
     <span class='ocr_line' id='line_1_44' title="bbox 254 2330 1951 2380; baseline 0 -15"><span class='ocrx_word' id='word_1_510' title='bbox 254 2332 388 2366; x_wconf 81' lang='lat' dir='ltr'>sedente</span> <span class='ocrx_word' id='word_1_511' title='bbox 410 2330 512 2366; x_wconf 82' lang='lat' dir='ltr'>Paulo</span> <span class='ocrx_word' id='word_1_512' title='bbox 532 2333 594 2368; x_wconf 81' lang='lat'>111.</span> <span class='ocrx_word' id='word_1_513' title='bbox 618 2331 725 2367; x_wconf 82' lang='lat' dir='ltr'>visum</span> <span class='ocrx_word' id='word_1_514' title='bbox 744 2332 835 2379; x_wconf 62' lang='lat' dir='ltr'>fuit}</span> <span class='ocrx_word' id='word_1_515' title='bbox 860 2336 999 2368; x_wconf 86' lang='lat' dir='ltr'>invento</span> <span class='ocrx_word' id='word_1_516' title='bbox 1020 2331 1142 2366; x_wconf 88' lang='lat' dir='ltr'>scilicet</span> <span class='ocrx_word' id='word_1_517' title='bbox 1162 2331 1335 2380; x_wconf 87' lang='lat' dir='ltr'>sepulchro</span> <span class='ocrx_word' id='word_1_518' title='bbox 1356 2334 1477 2368; x_wconf 82' lang='lat' dir='ltr'>Tulliae</span> <span class='ocrx_word' id='word_1_519' title='bbox 1505 2332 1581 2368; x_wconf 77' lang='lat' dir='ltr'>filiae</span> <span class='ocrx_word' id='word_1_520' title='bbox 1599 2335 1774 2368; x_wconf 88' lang='lat' dir='ltr'>Ciceronis</span> <span class='ocrx_word' id='word_1_521' title='bbox 1792 2356 1802 2372; x_wconf 84' lang='lat'>,</span> <span class='ocrx_word' id='word_1_522' title='bbox 1827 2335 1862 2367; x_wconf 91' lang='lat' dir='ltr'>in</span> <span class='ocrx_word' id='word_1_523' title='bbox 1880 2339 1951 2379; x_wconf 83' lang='lat' dir='ltr'>quo</span> 
     </span>
     <span class='ocr_line' id='line_1_45' title="bbox 251 2379 1953 2429; baseline 0.001 -14"><span class='ocrx_word' id='word_1_524' title='bbox 251 2381 389 2416; x_wconf 86' lang='lat' dir='ltr'>lucerna</span> <span class='ocrx_word' id='word_1_525' title='bbox 411 2382 475 2414; x_wconf 78' lang='lat' dir='ltr'>suit</span> <span class='ocrx_word' id='word_1_526' title='bbox 498 2381 597 2415; x_wconf 88' lang='lat' dir='ltr'>etiam</span> <span class='ocrx_word' id='word_1_527' title='bbox 615 2393 693 2415; x_wconf 89' lang='lat' dir='ltr'>tunc</span> <span class='ocrx_word' id='word_1_528' title='bbox 712 2382 829 2417; x_wconf 88' lang='lat' dir='ltr'>ardens</span> <span class='ocrx_word' id='word_1_529' title='bbox 842 2406 852 2421; x_wconf 90' lang='lat'>,</span> <span class='ocrx_word' id='word_1_530' title='bbox 878 2383 932 2416; x_wconf 70' lang='lat' dir='ltr'>sei</span> <span class='ocrx_word' id='word_1_531' title='bbox 949 2379 1088 2416; x_wconf 76' lang='lat' dir='ltr'>admisso</span> <span class='ocrx_word' id='word_1_532' title='bbox 1112 2384 1187 2416; x_wconf 73' lang='lat' dir='ltr'>ae&#39;re</span> <span class='ocrx_word' id='word_1_533' title='bbox 1203 2383 1371 2421; x_wconf 69' lang='lat' dir='ltr'>extinista,</span> <span class='ocrx_word' id='word_1_534' title='bbox 1396 2381 1516 2417; x_wconf 78' lang='lat' dir='ltr'>arserat</span> <span class='ocrx_word' id='word_1_535' title='bbox 1538 2394 1650 2418; x_wconf 84' lang='lat' dir='ltr'>autern</span> <span class='ocrx_word' id='word_1_536' title='bbox 1668 2395 1775 2417; x_wconf 85' lang='lat' dir='ltr'>annos</span> <span class='ocrx_word' id='word_1_537' title='bbox 1792 2382 1870 2429; x_wconf 86' lang='lat' dir='ltr'>plus</span> <span class='ocrx_word' id='word_1_538' title='bbox 1890 2382 1953 2415; x_wconf 86' lang='lat' dir='ltr'>mi-</span> 
     </span>
     <span class='ocr_line' id='line_1_46' title="bbox 252 2428 1953 2480; baseline -0.001 -15"><span class='ocrx_word' id='word_1_539' title='bbox 252 2443 317 2465; x_wconf 88' lang='lat' dir='ltr'>nus</span> <span class='ocrx_word' id='word_1_540' title='bbox 338 2441 439 2475; x_wconf 69' lang='lat'><em>1550.</em></span> <span class='ocrx_word' id='word_1_541' title='bbox 491 2428 606 2464; x_wconf 83' lang='lat' dir='ltr'>Simile</span> <span class='ocrx_word' id='word_1_542' title='bbox 629 2431 708 2477; x_wconf 89' lang='lat' dir='ltr'>quid</span> <span class='ocrx_word' id='word_1_543' title='bbox 729 2443 839 2466; x_wconf 86' lang='lat' dir='ltr'>narrat</span> <span class='ocrx_word' id='word_1_544' title='bbox 856 2432 999 2477; x_wconf 88' lang='lat' dir='ltr'>Baptista</span> <span class='ocrx_word' id='word_1_545' title='bbox 1017 2433 1114 2465; x_wconf 89' lang='lat' dir='ltr'>Porta</span> <span class='ocrx_word' id='word_1_546' title='bbox 1129 2430 1188 2469; x_wconf 87' lang='lat' dir='ltr'>lib.</span> <span class='ocrx_word' id='word_1_547' title='bbox 1207 2444 1256 2469; x_wconf 83' lang='lat'>12.</span> <span class='ocrx_word' id='word_1_548' title='bbox 1274 2435 1392 2480; x_wconf 79' lang='lat' dir='ltr'>Magiae</span> <span class='ocrx_word' id='word_1_549' title='bbox 1411 2444 1480 2478; x_wconf 82' lang='lat' dir='ltr'>cap.</span> <span class='ocrx_word' id='word_1_550' title='bbox 1490 2444 1532 2475; x_wconf 82' lang='lat'>¹3·</span> <span class='ocrx_word' id='word_1_551' title='bbox 1586 2433 1716 2468; x_wconf 86' lang='lat' dir='ltr'>Nostris</span> <span class='ocrx_word' id='word_1_552' title='bbox 1733 2429 1953 2474; x_wconf 86' lang='lat' dir='ltr'>temporibus,</span> 
     </span>
     <span class='ocr_line' id='line_1_47' title="bbox 251 2478 1949 2528; baseline -0.001 -14"><span class='ocrx_word' id='word_1_553' title='bbox 251 2481 387 2526; x_wconf 67' lang='lat' dir='ltr'>inquit.</span> <span class='ocrx_word' id='word_1_554' title='bbox 412 2480 495 2514; x_wconf 87' lang='lat' dir='ltr'>circa</span> <span class='ocrx_word' id='word_1_555' title='bbox 510 2492 634 2513; x_wconf 88' lang='lat' dir='ltr'>annum</span> <span class='ocrx_word' id='word_1_556' title='bbox 662 2489 767 2523; x_wconf 87' lang='lat'>1550.</span> <span class='ocrx_word' id='word_1_557' title='bbox 785 2483 821 2516; x_wconf 88' lang='lat' dir='ltr'>in</span> <span class='ocrx_word' id='word_1_558' title='bbox 842 2480 964 2517; x_wconf 79' lang='lat' dir='ltr'>Neside</span> <span class='ocrx_word' id='word_1_559' title='bbox 980 2479 1090 2516; x_wconf 79' lang='lat' dir='ltr'>Insula</span> <span class='ocrx_word' id='word_1_560' title='bbox 1107 2479 1322 2527; x_wconf 85' lang='lat' dir='ltr'>sepulchrum</span> <span class='ocrx_word' id='word_1_561' title='bbox 1339 2494 1564 2516; x_wconf 88' lang='lat' dir='ltr'>marmoreum</span> <span class='ocrx_word' id='word_1_562' title='bbox 1585 2494 1755 2528; x_wconf 86' lang='lat' dir='ltr'>repertum</span> <span class='ocrx_word' id='word_1_563' title='bbox 1775 2482 1821 2516; x_wconf 86' lang='lat' dir='ltr'>est</span> <span class='ocrx_word' id='word_1_564' title='bbox 1838 2478 1949 2526; x_wconf 71' lang='lat' dir='ltr'>cujus-</span> 
     </span>
     <span class='ocr_line' id='line_1_48' title="bbox 254 2529 1949 2579; baseline -0.001 -16"><span class='ocrx_word' id='word_1_565' title='bbox 254 2529 330 2563; x_wconf 83' lang='lat' dir='ltr'>dam</span> <span class='ocrx_word' id='word_1_566' title='bbox 354 2531 523 2565; x_wconf 84' lang='lat' dir='ltr'>Romani,</span> <span class='ocrx_word' id='word_1_567' title='bbox 548 2541 616 2576; x_wconf 92' lang='lat' dir='ltr'>quo</span> <span class='ocrx_word' id='word_1_568' title='bbox 632 2529 757 2565; x_wconf 89' lang='lat' dir='ltr'>recluso</span> <span class='ocrx_word' id='word_1_569' title='bbox 773 2553 783 2568; x_wconf 92' lang='lat'>,</span> <span class='ocrx_word' id='word_1_570' title='bbox 810 2531 919 2577; x_wconf 86' lang='lat' dir='ltr'>phiala</span> <span class='ocrx_word' id='word_1_571' title='bbox 940 2533 1030 2565; x_wconf 88' lang='lat' dir='ltr'>intus</span> <span class='ocrx_word' id='word_1_572' title='bbox 1048 2541 1175 2577; x_wconf 84' lang='lat' dir='ltr'>reperta</span> <span class='ocrx_word' id='word_1_573' title='bbox 1201 2531 1268 2569; x_wconf 88' lang='lat' dir='ltr'>est,</span> <span class='ocrx_word' id='word_1_574' title='bbox 1295 2533 1329 2566; x_wconf 88' lang='lat' dir='ltr'>in</span> <span class='ocrx_word' id='word_1_575' title='bbox 1350 2543 1416 2579; x_wconf 84' lang='lat' dir='ltr'>qua</span> <span class='ocrx_word' id='word_1_576' title='bbox 1437 2531 1571 2566; x_wconf 82' lang='lat' dir='ltr'>lucerna</span> <span class='ocrx_word' id='word_1_577' title='bbox 1589 2533 1698 2566; x_wconf 82' lang='lat' dir='ltr'>adhuc</span> <span class='ocrx_word' id='word_1_578' title='bbox 1715 2530 1866 2574; x_wconf 86' lang='lat' dir='ltr'>ardebat;</span> <span class='ocrx_word' id='word_1_579' title='bbox 1892 2537 1949 2563; x_wconf 81' lang='lat' dir='ltr'>ru-</span> 
     </span>
     <span class='ocr_line' id='line_1_49' title="bbox 253 2577 1948 2628; baseline 0.001 -16"><span class='ocrx_word' id='word_1_580' title='bbox 253 2590 309 2624; x_wconf 81' lang='lat' dir='ltr'>pta</span> <span class='ocrx_word' id='word_1_581' title='bbox 331 2582 366 2613; x_wconf 74' lang='grc' dir='ltr'>δε</span> <span class='ocrx_word' id='word_1_582' title='bbox 388 2578 457 2613; x_wconf 87' lang='lat' dir='ltr'>vilo</span> <span class='ocrx_word' id='word_1_583' title='bbox 475 2578 548 2611; x_wconf 67' lang='lat' dir='ltr'>aere</span> <span class='ocrx_word' id='word_1_584' title='bbox 562 2577 722 2612; x_wconf 62' lang='lat' dir='ltr'>exstine‘ta</span> <span class='ocrx_word' id='word_1_585' title='bbox 748 2579 813 2615; x_wconf 80' lang='lat' dir='ltr'>est3</span> <span class='ocrx_word' id='word_1_586' title='bbox 837 2589 911 2628; x_wconf 76' lang='lat' dir='ltr'>quae</span> <span class='ocrx_word' id='word_1_587' title='bbox 929 2587 1005 2614; x_wconf 83' lang='lat' dir='ltr'>ante</span> <span class='ocrx_word' id='word_1_588' title='bbox 1019 2579 1198 2614; x_wconf 84' lang='lat' dir='ltr'>Salvatotis</span> <span class='ocrx_word' id='word_1_589' title='bbox 1214 2580 1318 2615; x_wconf 89' lang='lat' dir='ltr'>nostri</span> <span class='ocrx_word' id='word_1_590' title='bbox 1332 2583 1514 2616; x_wconf 85' lang='lat' dir='ltr'>adventum</span> <span class='ocrx_word' id='word_1_591' title='bbox 1531 2580 1636 2616; x_wconf 79' lang='lat' dir='ltr'>clausa</span> <span class='ocrx_word' id='word_1_592' title='bbox 1656 2580 1736 2621; x_wconf 72' lang='lat' dir='ltr'>fuir,</span> <span class='ocrx_word' id='word_1_593' title='bbox 1785 2582 1837 2615; x_wconf 81' lang='lat' dir='ltr'>Sic</span> <span class='ocrx_word' id='word_1_594' title='bbox 1847 2581 1948 2614; x_wconf 84' lang='lat' dir='ltr'>etiam</span> 
     </span>
     <span class='ocr_line' id='line_1_50' title="bbox 250 2622 1944 2679; baseline 0.003 -19"><span class='ocrx_word' id='word_1_595' title='bbox 250 2630 287 2661; x_wconf 86' lang='lat' dir='ltr'>in</span> <span class='ocrx_word' id='word_1_596' title='bbox 309 2629 478 2662; x_wconf 80' lang='lat' dir='ltr'>Britannia</span> <span class='ocrx_word' id='word_1_597' title='bbox 495 2628 654 2662; x_wconf 83' lang='lat' dir='ltr'>Minetvae</span> <span class='ocrx_word' id='word_1_598' title='bbox 673 2627 848 2664; x_wconf 85' lang='lat' dir='ltr'>delubrum</span> <span class='ocrx_word' id='word_1_599' title='bbox 871 2640 1030 2677; x_wconf 88' lang='lat' dir='ltr'>perpetuo</span> <span class='ocrx_word' id='word_1_600' title='bbox 1049 2631 1127 2675; x_wconf 88' lang='lat' dir='ltr'>igne</span> <span class='ocrx_word' id='word_1_601' title='bbox 1142 2622 1486 2679; x_wconf 75' lang='lat' dir='ltr'>illustatum⁰legitur.</span> <span class='ocrx_word' id='word_1_602' title='bbox 1536 2633 1656 2667; x_wconf 68' lang='lat' dir='ltr'>Rornae</span> <span class='ocrx_word' id='word_1_603' title='bbox 1674 2635 1796 2677; x_wconf 81' lang='lat' dir='ltr'>pariter</span> <span class='ocrx_word' id='word_1_604' title='bbox 1817 2633 1852 2665; x_wconf 89' lang='lat' dir='ltr'>in</span> <span class='ocrx_word' id='word_1_605' title='bbox 1874 2630 1944 2662; x_wconf 87' lang='lat' dir='ltr'>Ve-</span> 
     </span>
     <span class='ocr_line' id='line_1_51' title="bbox 251 2675 1942 2729; baseline 0.001 -19"><span class='ocrx_word' id='word_1_606' title='bbox 251 2677 323 2715; x_wconf 67' lang='lat' dir='ltr'>stae,</span> <span class='ocrx_word' id='word_1_607' title='bbox 350 2676 491 2720; x_wconf 86' lang='lat' dir='ltr'>Delphis</span> <span class='ocrx_word' id='word_1_608' title='bbox 510 2677 546 2710; x_wconf 88' lang='lat' dir='ltr'>in</span> <span class='ocrx_word' id='word_1_609' title='bbox 568 2675 754 2723; x_wconf 86' lang='lat' dir='ltr'>Apollinis,</span> <span class='ocrx_word' id='word_1_610' title='bbox 781 2679 921 2713; x_wconf 86' lang='lat' dir='ltr'>Athenis</span> <span class='ocrx_word' id='word_1_611' title='bbox 939 2681 974 2713; x_wconf 90' lang='lat' dir='ltr'>in</span> <span class='ocrx_word' id='word_1_612' title='bbox 995 2680 1155 2714; x_wconf 85' lang='lat' dir='ltr'>Minervae</span> <span class='ocrx_word' id='word_1_613' title='bbox 1170 2683 1351 2719; x_wconf 85' lang='lat' dir='ltr'>continuos</span> <span class='ocrx_word' id='word_1_614' title='bbox 1367 2679 1473 2716; x_wconf 79' lang='lat' dir='ltr'>arfiffe</span> <span class='ocrx_word' id='word_1_615' title='bbox 1490 2683 1583 2729; x_wconf 86' lang='lat' dir='ltr'>ignes</span> <span class='ocrx_word' id='word_1_616' title='bbox 1605 2681 1749 2716; x_wconf 83' lang='lat' dir='ltr'>historiae</span> <span class='ocrx_word' id='word_1_617' title='bbox 1769 2680 1942 2717; x_wconf 72' lang='lat' dir='ltr'>testantur.</span> 
     </span>
     <span class='ocr_line' id='line_1_52' title="bbox 253 2725 1939 2778; baseline 0.002 -19"><span class='ocrx_word' id='word_1_618' title='bbox 253 2727 337 2760; x_wconf 89' lang='lat' dir='ltr'>Vide</span> <span class='ocrx_word' id='word_1_619' title='bbox 357 2728 393 2763; x_wconf 79' lang='lat' dir='ltr'>P,</span> <span class='ocrx_word' id='word_1_620' title='bbox 411 2726 616 2761; x_wconf 83' lang='lat' dir='ltr'>Bernardum</span> <span class='ocrx_word' id='word_1_621' title='bbox 633 2725 851 2766; x_wconf 64' lang='lat' dir='ltr'>&amp;fiam-lib.</span> <span class='ocrx_word' id='word_1_622' title='bbox 867 2740 902 2766; x_wconf 84' lang='lat'>2.</span> <span class='ocrx_word' id='word_1_623' title='bbox 918 2728 958 2763; x_wconf 89' lang='lat' dir='ltr'>de</span> <span class='ocrx_word' id='word_1_624' title='bbox 974 2728 1131 2766; x_wconf 74' lang='lat' dir='ltr'>Minetal.</span> <span class='ocrx_word' id='word_1_625' title='bbox 1152 2740 1181 2767; x_wconf 80' lang='lat' dir='ltr'>c.</span> <span class='ocrx_word' id='word_1_626' title='bbox 1198 2742 1233 2777; x_wconf 72' lang='lat'>7,</span> <span class='ocrx_word' id='word_1_627' title='bbox 1257 2731 1334 2769; x_wconf 68' lang='lat' dir='ltr'>sest.</span> <span class='ocrx_word' id='word_1_628' title='bbox 1354 2743 1413 2767; x_wconf 83' lang='lat'>20.</span> <span class='ocrx_word' id='word_1_629' title='bbox 1448 2729 1507 2766; x_wconf 89' lang='lat' dir='ltr'>ubi</span> <span class='ocrx_word' id='word_1_630' title='bbox 1524 2731 1564 2765; x_wconf 88' lang='lat' dir='ltr'>de</span> <span class='ocrx_word' id='word_1_631' title='bbox 1582 2731 1691 2778; x_wconf 86' lang='lat' dir='ltr'>phiala</span> <span class='ocrx_word' id='word_1_632' title='bbox 1714 2729 1939 2774; x_wconf 81' lang='lat' dir='ltr'>Neapolitana</span> 
     </span>
     <span class='ocr_line' id='line_1_53' title="bbox 252 2774 1945 2828; baseline 0.005 -21"><span class='ocrx_word' id='word_1_633' title='bbox 252 2777 457 2810; x_wconf 85' lang='lat' dir='ltr'>mentionem</span> <span class='ocrx_word' id='word_1_634' title='bbox 490 2774 586 2814; x_wconf 78' lang='lat' dir='ltr'>facit.</span> <span class='ocrx_word' id='word_1_635' title='bbox 645 2778 728 2810; x_wconf 84' lang='lat' dir='ltr'>Item</span> <span class='ocrx_word' id='word_1_636' title='bbox 750 2778 784 2813; x_wconf 83' lang='grc' dir='ltr'>Ρ.</span> <span class='ocrx_word' id='word_1_637' title='bbox 802 2776 954 2812; x_wconf 89' lang='lat' dir='ltr'>Deltium</span> <span class='ocrx_word' id='word_1_638' title='bbox 975 2776 1152 2824; x_wconf 72' lang='lat' dir='ltr'>Disquifir‚</span> <span class='ocrx_word' id='word_1_639' title='bbox 1174 2782 1332 2827; x_wconf 86' lang='lat' dir='ltr'>Magicar.</span> <span class='ocrx_word' id='word_1_640' title='bbox 1349 2779 1408 2818; x_wconf 76' lang='lat' dir='ltr'>lib.</span> <span class='ocrx_word' id='word_1_641' title='bbox 1437 2790 1467 2817; x_wconf 80' lang='lat'>1.</span> <span class='ocrx_word' id='word_1_642' title='bbox 1492 2792 1563 2827; x_wconf 87' lang='lat' dir='ltr'>cap.</span> <span class='ocrx_word' id='word_1_643' title='bbox 1586 2792 1615 2828; x_wconf 81' lang='grc' dir='ltr'>ς,</span> <span class='ocrx_word' id='word_1_644' title='bbox 1642 2794 1675 2828; x_wconf 88' lang='lat' dir='ltr'>q.</span> <span class='ocrx_word' id='word_1_645' title='bbox 1698 2794 1720 2820; x_wconf 78' lang='grc' dir='ltr'>ι.</span> <span class='ocrx_word' id='word_1_646' title='bbox 1743 2775 1853 2817; x_wconf 68' lang='grc' dir='ltr'>Γεᾶ.”ι,</span> <span class='ocrx_word' id='word_1_647' title='bbox 1885 2779 1945 2815; x_wconf 79' lang='lat' dir='ltr'>ubi</span> 
     </span>
     <span class='ocr_line' id='line_1_54' title="bbox 253 2823 1942 2878; baseline 0.005 -22"><span class='ocrx_word' id='word_1_648' title='bbox 253 2823 294 2856; x_wconf 92' lang='lat' dir='ltr'>de</span> <span class='ocrx_word' id='word_1_649' title='bbox 315 2837 395 2858; x_wconf 86' lang='lat' dir='ltr'>urna</span> <span class='ocrx_word' id='word_1_650' title='bbox 412 2827 570 2860; x_wconf 83' lang='lat' dir='ltr'>Patavina</span> <span class='ocrx_word' id='word_1_651' title='bbox 594 2823 764 2873; x_wconf 81' lang='lat' dir='ltr'>sequentia</span> <span class='ocrx_word' id='word_1_652' title='bbox 782 2825 970 2875; x_wconf 69' lang='lat' dir='ltr'>subjungitz</span> <span class='ocrx_word' id='word_1_653' title='bbox 998 2828 1087 2862; x_wconf 89' lang='lat' dir='ltr'>Mihi</span> <span class='ocrx_word' id='word_1_654' title='bbox 1102 2828 1236 2874; x_wconf 88' lang='lat' dir='ltr'>quidem</span> <span class='ocrx_word' id='word_1_655' title='bbox 1255 2829 1394 2865; x_wconf 89' lang='lat' dir='ltr'>dubium</span> <span class='ocrx_word' id='word_1_656' title='bbox 1429 2842 1497 2864; x_wconf 86' lang='lat' dir='ltr'>non</span> <span class='ocrx_word' id='word_1_657' title='bbox 1527 2829 1573 2864; x_wconf 86' lang='lat' dir='ltr'>est</span> <span class='ocrx_word' id='word_1_658' title='bbox 1592 2853 1603 2869; x_wconf 84' lang='lat'>,</span> <span class='ocrx_word' id='word_1_659' title='bbox 1656 2829 1820 2878; x_wconf 87' lang='lat' dir='ltr'>liquorem</span> <span class='ocrx_word' id='word_1_660' title='bbox 1843 2828 1942 2864; x_wconf 84' lang='lat' dir='ltr'>illum</span> 
     </span>
     <span class='ocr_line' id='line_1_55' title="bbox 252 2871 1940 2925; baseline 0.005 -19"><span class='ocrx_word' id='word_1_661' title='bbox 252 2871 362 2925; x_wconf 74' lang='lat' dir='ltr'>Olibii</span> <span class='ocrx_word' id='word_1_662' title='bbox 382 2877 542 2912; x_wconf 87' lang='lat' dir='ltr'>Maximi,</span> <span class='ocrx_word' id='word_1_663' title='bbox 567 2878 657 2917; x_wconf 82' lang='lat' dir='ltr'>cujus</span> <span class='ocrx_word' id='word_1_664' title='bbox 677 2874 837 2911; x_wconf 82' lang='lat' dir='ltr'>beneficio</span> <span class='ocrx_word' id='word_1_665' title='bbox 855 2875 990 2910; x_wconf 87' lang='lat' dir='ltr'>lucerna</span> <span class='ocrx_word' id='word_1_666' title='bbox 1011 2876 1126 2912; x_wconf 86' lang='lat' dir='ltr'>multis</span> <span class='ocrx_word' id='word_1_667' title='bbox 1150 2877 1274 2914; x_wconf 84' lang='lat' dir='ltr'>saeculis</span> <span class='ocrx_word' id='word_1_668' title='bbox 1292 2877 1357 2915; x_wconf 83' lang='lat' dir='ltr'>fuir</span> <span class='ocrx_word' id='word_1_669' title='bbox 1374 2878 1566 2915; x_wconf 86' lang='lat' dir='ltr'>conservata</span> <span class='ocrx_word' id='word_1_670' title='bbox 1586 2880 1722 2920; x_wconf 85' lang='lat' dir='ltr'>ardens,</span> <span class='ocrx_word' id='word_1_671' title='bbox 1749 2880 1940 2925; x_wconf 85' lang='lat' dir='ltr'>chymicum</span> 
     </span>
     <span class='ocr_line' id='line_1_56' title="bbox 254 2920 1943 2975; baseline 0.005 -21"><span class='ocrx_word' id='word_1_672' title='bbox 254 2920 374 2966; x_wconf 75' lang='lat' dir='ltr'>fuisse3</span> <span class='ocrx_word' id='word_1_673' title='bbox 401 2924 440 2957; x_wconf 90' lang='lat' dir='ltr'>de</span> <span class='ocrx_word' id='word_1_674' title='bbox 459 2937 528 2969; x_wconf 87' lang='lat' dir='ltr'>quo</span> <span class='ocrx_word' id='word_1_675' title='bbox 549 2924 732 2960; x_wconf 86' lang='lat' dir='ltr'>Bernardus</span> <span class='ocrx_word' id='word_1_676' title='bbox 748 2926 952 2960; x_wconf 87' lang='lat' dir='ltr'>Scardeonus</span> <span class='ocrx_word' id='word_1_677' title='bbox 968 2927 1001 2959; x_wconf 92' lang='lat' dir='ltr'>in</span> <span class='ocrx_word' id='word_1_678' title='bbox 1020 2926 1156 2960; x_wconf 86' lang='lat' dir='ltr'>historia</span> <span class='ocrx_word' id='word_1_679' title='bbox 1176 2928 1330 2963; x_wconf 82' lang='lat' dir='ltr'>Patavina</span> <span class='ocrx_word' id='word_1_680' title='bbox 1349 2929 1481 2967; x_wconf 84' lang='lat' dir='ltr'>scribit,</span> <span class='ocrx_word' id='word_1_681' title='bbox 1513 2933 1580 2966; x_wconf 52' lang='lat' dir='ltr'>&amp;a</span> <span class='ocrx_word' id='word_1_682' title='bbox 1632 2930 1766 2964; x_wconf 84' lang='lat' dir='ltr'>Accedit</span> <span class='ocrx_word' id='word_1_683' title='bbox 1787 2930 1943 2975; x_wconf 79' lang='lat' dir='ltr'>authqri-</span> 
     </span>
     <span class='ocr_line' id='line_1_57' title="bbox 255 2971 1943 3028; baseline 0.006 -24"><span class='ocrx_word' id='word_1_684' title='bbox 255 2981 304 3004; x_wconf 90' lang='lat' dir='ltr'>tas</span> <span class='ocrx_word' id='word_1_685' title='bbox 325 2971 369 3009; x_wconf 49' lang='lat' dir='ltr'>D,</span> <span class='ocrx_word' id='word_1_686' title='bbox 385 2973 563 3018; x_wconf 76' lang='lat' dir='ltr'>Augustini</span> <span class='ocrx_word' id='word_1_687' title='bbox 579 2974 620 3008; x_wconf 90' lang='lat' dir='ltr'>de</span> <span class='ocrx_word' id='word_1_688' title='bbox 640 2975 742 3011; x_wconf 88' lang='lat' dir='ltr'>Civit.</span> <span class='ocrx_word' id='word_1_689' title='bbox 762 2977 824 3012; x_wconf 86' lang='lat' dir='ltr'>Dei</span> <span class='ocrx_word' id='word_1_690' title='bbox 839 2974 900 3012; x_wconf 85' lang='lat' dir='ltr'>lib.</span> <span class='ocrx_word' id='word_1_691' title='bbox 913 2987 970 3014; x_wconf 63' lang='grc' dir='ltr'>ιι.</span> <span class='ocrx_word' id='word_1_692' title='bbox 991 2984 1059 3011; x_wconf 83' lang='lat' dir='ltr'>c.6.</span> <span class='ocrx_word' id='word_1_693' title='bbox 1077 2974 1134 3011; x_wconf 91' lang='lat' dir='ltr'>ubi</span> <span class='ocrx_word' id='word_1_694' title='bbox 1153 2976 1298 3015; x_wconf 64' lang='lat' dir='ltr'>humana</span> <span class='ocrx_word' id='word_1_695' title='bbox 1327 2989 1396 3014; x_wconf 87' lang='lat' dir='ltr'>arte</span> <span class='ocrx_word' id='word_1_696' title='bbox 1428 2978 1500 3014; x_wconf 88' lang='lat' dir='ltr'>fieri</span> <span class='ocrx_word' id='word_1_697' title='bbox 1522 2977 1612 3028; x_wconf 79' lang='lat' dir='ltr'>posse</span> <span class='ocrx_word' id='word_1_698' title='bbox 1633 2977 1827 3028; x_wconf 71' lang='lat' dir='ltr'>hujusmodi</span> <span class='ocrx_word' id='word_1_699' title='bbox 1847 2981 1943 3028; x_wconf 75' lang='lat' dir='ltr'>ignes</span> 
     </span>
     <span class='ocr_line' id='line_1_58' title="bbox 253 3031 658 3071; baseline 0.01 -17"><span class='ocrx_word' id='word_1_700' title='bbox 253 3031 434 3068; x_wconf 82' lang='lat' dir='ltr'>perpetuos</span> <span class='ocrx_word' id='word_1_701' title='bbox 454 3034 526 3058; x_wconf 87' lang='lat' dir='ltr'>non</span> <span class='ocrx_word' id='word_1_702' title='bbox 547 3034 658 3071; x_wconf 71' lang='lat' dir='ltr'>negat.</span> 
     </span>
    </p>
   </div>
   <div class='ocr_carea' id='block_1_5' title="bbox 1842 3148 1939 3185">
    <p class='ocr_par' dir='ltr' id='par_1_6' title="bbox 1842 3148 1939 3185">
     <span class='ocr_line' id='line_1_59' title="bbox 1842 3148 1939 3185; baseline -0.01 0"><span class='ocrx_word' id='word_1_703' title='bbox 1842 3148 1939 3185; x_wconf 65' lang='lat' dir='ltr'>eirca</span> 
     </span>
    </p>
   </div>
   <div class='ocr_carea' id='block_1_6' title="bbox 2028 0 2060 3444">
    <p class='ocr_par' dir='ltr' id='par_1_7' title="bbox 2028 0 2060 3444">
     <span class='ocr_line' id='line_1_60' title="bbox 2028 0 2060 3444; baseline 0 0"><span class='ocrx_word' id='word_1_704' title='bbox 2028 0 2060 3444; x_wconf 95' lang='lat' dir='ltr'> </span> 
     </span>
    </p>
   </div>
  </div>
 </body>
</html>
