2060 3444
254 154 364 211 254
934 142 1309 214 Meteorologia

253 224 307 272 gis
319 235 532 260 attenuantur
545 247 554 263 ‚
570 221 847 260 morbi-existunt,
870 224 1002 262 Heurn.
1015 225 1038 263 l.
1059 239 1088 263 2.
1104 226 1227 262 Medic,
1281 228 1370 259 Vino
1385 223 1492 259 inlusa
1506 223 1708 265 temulentos
1717 225 1833 260 reddit.
1857 225 1941 263 mua

250 276 353 307 etiam
365 271 566 320 experienti}
580 273 732 317 constat,
751 274 842 320 quod
854 295 863 311 ,
884 273 953 320 quo
963 274 1101 309 debilior
1111 275 1154 308 est
1166 273 1324 314 foemina,
1341 273 1568 321 mobiliorque
1581 297 1591 313 ‚
1610 273 1650 307 eo
1666 272 1795 311 facilius
1815 275 1856 310 ab
1869 290 1941 318 ame

256 322 314 357 bra
327 327 361 358 δε
372 322 505 357 moscho
516 323 544 355 ei
556 319 756 355 convellitur
765 333 875 356 uterus
890 346 898 363 ,
916 321 949 357 &
962 335 1058 371 caput
1070 323 1171 358 dolet.

350 382 531 420 Conclusio
543 377 671 431 quaffa.
699 384 882 419 Vitriolutn
900 384 945 419 est
956 384 1068 421 succus
1084 394 1268 423 concretus,
1280 383 1541 430 perspicuitatem
1557 385 1692 417 vitream
1704 381 1869 425 obtinens,
1880 390 1940 422 La.

255 437 335 469 rinis
344 433 527 480 appellatur
538 445 758 468 atramentum
768 433 927 469 sutorium
940 457 950 472 ,
967 435 1085 469 dicitur
1101 437 1135 468 &
1152 432 1399 471 chalcanthum.
1451 435 1612 467 Nativum
1629 435 1662 465 in
1673 444 1765 466 terrae
1779 439 1940 475 veni5‚aut

255 485 408 517 saxorum
419 479 642 517 commissuris
652 494 842 518 concretum
856 485 1016 528 reperitur
1031 497 1045 524 ;
1069 495 1125 517 aut
1143 484 1223 515 dum
1245 484 1336 516 exiis
1356 484 1512 529 guttatim
1536 481 1694 519 destilla't,
1714 486 1832 527 partim
1849 490 1939 522 exiis

253 533 405 566 striarum
428 533 528 566 instat
547 533 731 577 dependet,
750 536 870 579 partim
890 536 925 566 in
943 533 1106 567 canalium
1120 530 1398 569 fundamincid·t‚
1449 530 1917 569 Acerbisiimushicsuccusest
1931 560 1941 576 ,

252 580 367 627 estque
386 580 486 616 veluti
499 583 667 627 quoddam
679 593 925 616 excrementum
942 582 1142 617 metallicum
1157 604 1167 618 ,
1185 582 1255 614 aeris
1270 582 1457 624 praesertim.
1493 583 1673 628 Optimum
1690 580 1860 615 vitriolum
1870 585 1943 618 Ro-

248 642 387 664 manum
408 634 442 665 &
468 633 693 678 Ungaricum3
723 631 851 665 bonitas
877 630 1037 677 probatur
1055 631 1163 664 cultro
1179 627 1448 677 ubiaffricuerisg
1474 629 1495 663 fi
1509 633 1598 664 enim
1610 642 1731 675 cupreo
1744 633 1938 669 euminficit

252 679 366 714 colore
376 680 631 715 laudatiffimutn
647 682 796 716 habetur.
823 682 981 724 Qietcet.
995 683 1035 715 de
1047 682 1156 726 Capit.
1167 676 1278 716 affe&
1289 690 1319 715 c·
1330 689 1385 719 30.
1440 682 1595 725 Spiritum
1615 679 1681 713 illis
1698 679 1879 714 causticam
1891 683 1942 716 di-

252 730 298 762 cit
312 728 474 763 Riolanus
486 753 496 769 ‚
523 742 560 764 ut
574 732 696 765 vitrum
709 754 718 770 ‚
738 732 771 763 in
784 743 853 777 quo
865 732 958 769 infit.
983 732 1109 765 exedat.
1161 729 1249 762 Cum
1257 726 1332 762 oleo
1343 729 1699 776 Tartariantipathiam
1710 729 1821 764 habet.
1853 732 1945 773 ute'r-v

255 790 323 825 que
335 781 425 812 enim
435 777 569 813 illorum
582 779 656 813 licet
670 779 706 812 fit
719 779 918 813 acutissimus
930 779 1167 814 &acidiffimus
1179 805 1190 824 ‚
1211 778 1266 812 ubi
1277 777 1532 811 commiscentur
1543 800 1554 816 ,
1574 780 1943 825 utriusqueactimonia

255 830 341 872 perit
355 851 364 865 ‚
385 831 420 862 ὅ(
433 827 544 871 liquor
556 828 774 875 fitinsipidus.
804 829 1009 866 Boet.lib.2.
1024 828 1172 873 delapid.
1225 828 1354 862 Omnes
1380 827 1593 861 metallorum
1617 840 1707 861 vcnae
1726 830 1762 862 in
1775 828 1944 864 Chalcan-

252 887 322 910 tum
340 876 485 912 delinere
502 879 656 912 videntur
668 902 678 916 ,
706 878 794 912 unde
810 878 944 912 sollotes
956 902 966 916 ,
987 877 1044 912 ubi
1062 880 1100 910 ad
1112 876 1193 910 illud
1208 880 1424 923 proveniunt.
1447 876 1534 909 ultra
1543 888 1612 909 non
1625 888 1789 924 pergunt,
1807 891 1849 911 ne
1861 891 1944 925 ope-

252 938 322 959 ram
335 927 474 972 perdant
486 937 497 971 3
524 928 568 961 est
578 930 667 961 enim
680 951 689 965 ,
710 940 745 961 ur
759 928 825 961 dixi
837 930 1003 974 quoddam
1015 937 1260 961 excrementum
1271 926 1475 960 metallicum
1488 949 1499 963 ‚
1521 928 1555 958 in
1574 928 1664 973 quod
1683 927 1794 961 succus
1806 940 1945 962 concre-

250 976 326 1013 scit,
346 975 437 1009 erosa
458 975 579 1010 scilicet
594 980 777 1014 exteriore,
799 989 886 1010 venae
914 976 1107 1022 superficie3
1137 976 1218 1022 quid
1240 977 1360 1009 mirum
1377 987 1457 1021 ergo
1470 998 1479 1012 ‚
1498 973 1518 1007 fi
1531 987 1647 1008 venam
1659 978 1827 1014 terminet.
1879 979 1943 1012 Di-

249 1037 354 1071 gnum
369 1023 474 1059 relatu
492 1027 536 1059 est
549 1050 557 1062 ,
579 1027 669 1072 quod
686 1027 774 1060 deco
785 1029 817 1059 ὃ(
833 1025 963 1059 succino
977 1024 1078 1060 refert
1088 1023 1253 1059 Cunradus
1269 1027 1302 1057 in
1318 1023 1446 1058 medulla
1455 1023 1653 1068 distillatoria.
1701 1026 1861 1072 Repone,
1887 1031 1943 1061 in-

248 1079 342 1120 quit,
368 1074 537 1110 succinum
549 1074 670 1108 flavum
685 1077 718 1108 in
732 1073 878 1108 tabulam
893 1074 909 1106 ὲ
924 1076 1098 1111 Bismutho
1110 1073 1231 1108 factam
1242 1097 1250 1111 ‚
1278 1077 1313 1108 ὃ(
1329 1077 1428 1108 trium
1441 1073 1679 1120 spithamatum
1690 1075 1860 1109 vitriolum
1873 1075 1947 1114 col-2

247 1123 329 1157 loca.
383 1126 510 1158 Mirum
523 1123 614 1161 visu!
642 1123 809 1158 vitriolum
825 1128 856 1158 &
870 1123 977 1158 calore
990 1123 1217 1158 &acrimonia
1229 1121 1422 1170 spoliabitur
1439 1132 1452 1172 3
1478 1135 1552 1169 quae
1575 1125 1608 1156 in
1625 1123 1745 1157 succini
1757 1128 1945 1172 praeparati-

250 1185 316 1206 one
329 1173 461 1206 viciffim
473 1173 775 1217 deprehendentur.
828 1172 1012 1208 Adhibetur
1022 1176 1120 1207 etiam
1133 1174 1171 1206 ad
1185 1173 1424 1206 exrracClzionem
1438 1174 1644 1219 quarundam
1666 1185 1827 1219 aquarum
1845 1173 1945 1209 forti-

250 1234 308 1255 um
322 1234 397 1255 cum
411 1225 543 1255 nitro&
558 1221 629 1255 sale.
685 1224 782 1255 Varia
796 1224 824 1255 vi
841 1224 966 1256 medica
982 1222 1108 1269 pollet,
1128 1236 1200 1270 v.g.
1212 1221 1362 1256 calefacit
1378 1245 1387 1258 ,
1407 1221 1480 1255 cum
1497 1221 1690 1268 multoigne
1703 1223 1850 1270 constet3
1872 1237 1943 1258 ma-

245 1270 336 1317 ligna
347 1270 453 1305 ulcera
467 1271 622 1318 detergit,
636 1274 714 1320 quia
724 1270 881 1316 exficcat3
907 1274 1098 1319 sanguinem
1109 1270 1201 1311 sistit,
1213 1273 1290 1318 quia
1302 1273 1333 1305 vi
1343 1269 1396 1305 sua
1406 1270 1632 1318 adstringente
1641 1270 1766 1306 orificia
1779 1285 1940 1309 venarum

248 1320 403 1355 obstruit.

343 1368 527 1404 Conclusio
543 1370 676 1416 quinta.
726 1370 952 1417 Camphoram
976 1369 1124 1406 scribunt
1140 1371 1253 1404 Mauri
1273 1367 1475 1415 lachrymam
1490 1367 1553 1403 esse
1564 1368 1692 1404 arboris
1703 1393 1713 1411 ,
1729 1368 1812 1405 adeo
1823 1370 1946 1417 patulis

247 1417 372 1453 diffusae
385 1420 482 1453 tamis
495 1442 505 1457 ‚
524 1430 560 1453 ut
571 1431 698 1453 tantum
713 1418 823 1454 locum
838 1420 972 1455 reddere
983 1420 1076 1468 poffit
1087 1431 1227 1467 opacum
1239 1441 1250 1457 ,
1269 1429 1411 1466 quantus
1421 1429 1555 1454 centum
1572 1419 1724 1453 homines
1735 1431 1851 1466 capere
1861 1433 1947 1467 que.

249 1479 294 1505 at.
345 1469 483 1502 Addunt
494 1491 503 1506 ,
526 1467 655 1515 lignum
667 1466 728 1502 esse
739 1469 851 1504 album
870 1492 879 1508 ,
897 1469 1099 1505 ferulaceum
1115 1492 1124 1509 ,
1143 1473 1177 1504 ὃ(
1189 1467 1418 1514 Camphoram
1430 1470 1463 1501 in
1477 1466 1618 1513 fungosa
1629 1470 1799 1503 continere
1812 1470 1944 1505 medul-

245 1517 288 1555 la,
342 1516 461 1553 Verius
481 1528 592 1551 tamen
617 1517 688 1565 est,
707 1519 935 1565 Camphoram
954 1533 993 1554 ex
1003 1518 1177 1553 bituminis
1197 1519 1453 1563 indiciquodam
1469 1529 1589 1565 genere
1606 1516 1698 1557 fieti,
1719 1519 1812 1565 quod
1824 1520 1859 1553 in
1871 1519 1946 1556 vase

246 1569 422 1612 coquitur,
441 1570 531 1609 cujus
549 1567 669 1600 halitus
690 1568 724 1601 in
747 1567 940 1615 operculum
959 1570 1144 1604 incidentes
1165 1566 1412 1601 condensantur
1433 1571 1467 1600 in
1485 1566 1686 1602 tenuissimas
1697 1579 1803 1614 partes
1813 1569 1946 1606 candidi

246 1615 389 1654 coloris,
412 1618 446 1649 in
459 1615 618 1663 eamque,
636 1627 735 1661 quam
751 1618 919 1655 videmus,
943 1617 1083 1665 figuram
1102 1618 1132 1651 se
1143 1615 1396 1659 transformant.
1448 1617 1605 1651 Nativam
1627 1619 1660 1650 in
1672 1618 1763 1651 India
1777 1618 1868 1656 dari,
1895 1630 1946 1653 te-

245 1664 371 1698 stantur
397 1676 611 1701 mercatores.
650 1667 723 1710 [gni
741 1668 843 1698 amica
863 1666 1043 1705 est,‚unde
1056 1665 1185 1700 accensa
1201 1668 1324 1712 jugiter
1342 1665 1435 1698 arder
1448 1665 1602 1712 usque-ad
1615 1667 1745 1700 ultimas
1756 1668 1945 1713 particulas.

246 1715 342 1748 Odor
362 1714 449 1748 illius
469 1725 632 1760 repugnat
653 1716 797 1761 Veneti3
825 1725 901 1760 pota
921 1716 991 1749 imo
1001 1715 1120 1749 attacta
1131 1717 1319 1761 genituram
1340 1716 1518 1759 extinguit.
1544 1716 1671 1752 Heurn.
1685 1714 1705 1751 l.
1717 1728 1748 1751 2.
1759 1715 1945 1753 Medicsea

246 1763 350 1796 statur
362 1787 370 1801 ,
387 1761 513 1809 quodsi
531 1764 667 1808 cyathus
680 1775 769 1809 aquae
784 1785 794 1800 ,
814 1760 927 1808 inqua
938 1775 1065 1798 tantum
1079 1764 1267 1810 camphorae
1278 1762 1513 1809 conflagrarit,
1536 1775 1703 1812 quantum
1722 1776 1840 1799 nucem
1852 1767 1945 1802 avel-

246 1813 356 1846 lanam
372 1835 381 1849 ‚
402 1822 529 1858 aequet..
545 1810 741 1845 exhibeatur
757 1813 955 1846 cardiacis&
968 1814 1135 1858 hystericis
1148 1835 1158 1852 ‚
1183 1813 1289 1846 statim
1301 1810 1497 1849 liberentur.
1550 1815 1686 1848 Gatzias
1710 1814 1787 1848 verb
1803 1816 1913 1861 inquit
1933 1824 1946 1854 t

246 1864 476 1906 experimento
489 1860 586 1894 didici
597 1862 632 1893 in
642 1859 817 1894 oculorum
829 1861 1154 1896 inflammationibus
1163 1862 1248 1894 nivis
1256 1859 1479 1906 frigiditatem
1499 1861 1517 1897 ὲ
1530 1861 1685 1896 disloluta
1702 1863 1880 1910 camphora
1891 1877 1942 1899 re·

248 1909 367 1946 tulisse.

341 1957 635 1994 Conclusiosexta.
664 1957 809 1993 Stibiurn
831 1958 960 2005 vulgari
981 1959 1119 1993 nomine
1137 1960 1361 1993 antimonium
1381 1957 1577 2006 appellatur.
1628 1959 1802 2009 Liquabile
1825 1973 1862 1998 ut
1874 1968 1951 1998 med

241 2010 357 2045 tallum
369 2009 427 2046 est,
448 2021 515 2042 non
527 2019 636 2042 tamen
649 2007 772 2042 malleo
785 2009 920 2044 duffi‘et
971 2011 1151 2055 Reperitur
1161 2011 1197 2042 in
1208 2007 1335 2043 fodinis
1345 2012 1492 2054 argenti,
1512 2011 1563 2044 cui
1575 2011 1742 2046 interdum
1754 2012 1946 2048 admixtum

245 2060 290 2094 est
303 2084 312 2098 ,
339 2059 470 2093 unde&
488 2070 576 2091 venae
598 2057 730 2091 latentis
751 2061 881 2106 argenti
898 2058 1026 2105 signum
1045 2058 1103 2094 est.
1154 2057 1296 2092 Constat
1315 2058 1538 2105 maltacena,
1563 2062 1641 2106 igne
1659 2062 1792 2099 modico
1802 2061 1946 2097 humore

245 2111 387 2143 modico.
441 2107 597 2142 Colorem
612 2106 720 2143 habet,
741 2120 839 2153 quem
850 2106 1146 2154 plumbariuslapis
1158 2131 1168 2146 ,
1194 2110 1298 2157 magis
1308 2111 1525 2144 tamennitet.
1577 2108 1753 2156 praesettim
1764 2110 1864 2145 altera
1874 2112 1942 2147 illi·

244 2171 281 2192 us
294 2158 434 2204 species,
462 2155 831 2204 quaefaeminadicitnr3
858 2157 1032 2197 illaenim,
1060 2169 1133 2204 quae
1146 2158 1242 2191 maris
1260 2161 1396 2191 nomine
1421 2157 1626 2203 appellatur,
1654 2161 1765 2194 minus
1778 2159 1947 2206 splendetg

243 2210 339 2241 Virro
349 2209 449 2240 etiam
462 2203 615 2239 affineest
629 2231 639 2248 ,
665 2207 743 2252 quia
761 2205 880 2253 fragile
905 2206 962 2240 est.
1017 2208 1066 2240 De
1088 2207 1254 2240 mercurio
1268 2209 1464 2253 participare
1482 2207 1621 2245 dicitur,
1646 2209 1736 2256 quod
1750 2208 1870 2245 scilicet
1886 2224 1946 2246 eos

240 2267 354 2291 motus
365 2257 486 2290 exciter
499 2258 533 2288 in
544 2267 683 2298 corpore
694 2279 702 2293 ,
727 2257 786 2301 qui
796 2259 960 2290 mercurio
973 2255 1134 2288 duntaxat
1147 2253 1249 2290 tribui
1263 2254 1401 2302 poliunt
1412 2279 1421 2294 ,
1449 2257 1537 2290 unde
1552 2259 1587 2291 δι
1600 2259 1781 2293 mercurius
1790 2271 1831 2292 ex
1843 2260 1944 2295 stibio

241 2306 336 2340 educi
352 2303 468 2349 potest.
521 2306 651 2337 Aurum
666 2314 801 2352 purgat,
829 2306 907 2351 quia
925 2316 1000 2338 cum
1020 2303 1116 2338 facile
1128 2302 1320 2342 exhaletur,
1347 2305 1456 2339 sordes
1473 2304 1580 2340 secum
1593 2309 1704 2354 aripir,
1757 2308 1944 2346 Admisceri

241 2354 322 2389 solet
335 2352 471 2398 speculis
485 2376 495 2391 ,
522 2352 714 2393 metallicis,
743 2365 779 2388 ut
791 2353 906 2388 lumen
928 2352 1044 2388 melius
1053 2352 1224 2388 reflectant
1236 2377 1246 2393 ‚
1271 2354 1427 2388 utietiam
1441 2357 1619 2401 campanis,
1633 2367 1668 2390 ut
1679 2356 1796 2392 melius
1809 2357 1943 2399 sonent,

239 2404 315 2439 cum
331 2401 534 2449 superficiem
553 2405 622 2436 aeris
639 2402 821 2449 planiorem
838 2403 966 2440 reddat.
1015 2402 1196 2436 Praesertim
1208 2403 1285 2437 vero
1300 2402 1440 2437 mirifica
1453 2407 1484 2438 vi
1502 2416 1664 2452 purgante
1676 2405 1779 2452 pollet
1797 2418 1870 2442 tum
1891 2419 1950 2456 per·

239 2453 352 2488 alvum
364 2475 374 2488 ‚
401 2463 474 2486 tum
488 2463 542 2498 per
562 2456 728 2487 vomitum
746 2478 752 2484 .
775 2452 860 2487 laxat
871 2454 959 2487 enim
970 2463 1098 2486 meatus
1108 2455 1302 2487 arteriarum
1319 2453 1564 2500 venarumque,
1593 2467 1629 2488 ut
1640 2457 1780 2502 proinde
1789 2457 1947 2493 humores

236 2515 277 2537 ex
294 2505 333 2537 iis
353 2499 484 2536 facilius
500 2501 632 2534 extrudi
654 2501 787 2547 possint.
846 2499 1002 2546 Exempla
1022 2500 1043 2535 si
1067 2503 1229 2547 requiris,
1253 2499 1387 2536 consule
1404 2503 1559 2546 Jonstoni
1574 2504 1947 2554 Thavmatographiam

240 2549 439 2586 naturalem.
490 2551 586 2584 Unde
599 2551 752 2596 bemici
770 2563 829 2596 pro
841 2549 1018 2585 universali
1033 2551 1194 2584 medicina
1207 2550 1349 2598 stybium
1361 2552 1561 2599 agnoscunt.
1616 2556 1749 2589 Vitrum
1765 2558 1834 2602 ejus
1848 2558 1884 2591 in
1894 2558 1947 2590 vi-

243 2613 325 2635 num
337 2601 494 2643 inicorum
505 2612 571 2634 vim
586 2597 643 2645 ipsi
657 2599 883 2639 catharticam,
896 2604 930 2635 &
941 2601 1111 2634 emeticam
1123 2605 1347 2636 communicat
1358 2624 1368 2640 ‚
1383 2615 1556 2650 nunquam
1565 2602 1741 2640 deficiente
1754 2601 1948 2640 substanti&

245 2651 398 2685 Advertit
410 2661 520 2684 tamen
532 2651 624 2683 Pater
639 2650 837 2684 Honoratus
848 2648 961 2688 Fabri,
982 2648 1075 2694 quod
1087 2646 1168 2684 sicut
1181 2650 1331 2690 metalla,
1352 2663 1501 2699 quorum
1511 2656 1631 2688 mixtio
1646 2653 1876 2702 imperfeffior
1885 2653 1948 2694 esi,v

244 2702 339 2734 vitiat
351 2725 362 2743 ‚
380 2701 423 2733 ita
437 2699 591 2732 homines
605 2697 704 2744 paulo
713 2698 883 2733 debilioris
894 2698 1016 2733 indolis
1028 2699 1126 2732 nimis
1136 2709 1273 2746 purgat,
1293 2704 1327 2736 &
1341 2704 1521 2748 perniciem
1538 2703 1649 2742 affert.

326 2746 508 2783 Conclusio
520 2748 668 2794 septima.
697 2747 763 2782 Alii
779 2747 886 2787 succi,
914 2748 1107 2795 quiliquoti
1118 2761 1310 2795 nequeunt,
1331 2753 1365 2784 in
1381 2751 1506 2798 lapides
1517 2763 1628 2788 tamen
1645 2754 1943 2795 nonindutantut;

238 2795 312 2831 sunt
329 2799 630 2845 auripigmentum,
649 2795 864 2836 sandaracha,
883 2798 956 2831 calx
970 2821 978 2836 ,
997 2795 1134 2844 gypsum
1147 2821 1157 2836 ,
1176 2810 1262 2834 creta
1274 2800 1395 2840 ,ochra
1408 2825 1417 2839 ,
1434 2801 1550 2851 argilla
1565 2827 1575 2843 ,
1593 2814 1678 2839 terra
1695 2802 1846 2851 sigillata,
1881 2815 1948 2840 tet.

206 2850 212 2858 ‘
238 2857 271 2880 ta
285 2850 441 2882 armenia.
495 2849 789 2893 Autipigmentum
804 2848 856 2880 seu
876 2845 1069 2881 Arsenicum
1082 2846 1129 2880 est
1147 2847 1258 2883 succus
1269 2861 1440 2886 concretus
1453 2875 1464 2892 ,
1490 2852 1573 2887 lutei
1587 2851 1707 2889 coloris
1719 2876 1729 2891 ‚
1746 2856 1780 2887 in
1792 2854 1936 2898 pisturis

237 2906 371 2929 aureum
394 2895 538 2930 colorem
563 2895 733 2943 refert-ng
759 2894 902 2931 calidum
923 2896 969 2930 est
986 2900 1020 2932 ὃ(
1032 2894 1151 2930 ficcum
1165 2899 1200 2931 in
1219 2910 1338 2946 quarto
1354 2902 1459 2949 gradu
1473 2925 1484 2942 ,
1509 2905 1545 2937 δε
1557 2915 1722 2939 venenum
1733 2901 1940 2949 ptaesentisl't-

240 2956 349 2981 mum.
378 2945 461 2978 Vide
476 2946 631 2992 Scaliger.
645 2947 759 2983 Exere.
773 2957 850 2993 104.
864 2944 939 2980 feet.
952 2956 1008 2982 22.

320 2993 527 3027 Sandaracha
543 2995 589 3029 est
610 3006 695 3029 tetra
714 2994 806 3033 rufa,
822 2993 1006 3030 cinnaberis
1023 2993 1137 3030 colore
1149 3020 1158 3036 ,
1176 2996 1332 3032 nonnihil
1348 2998 1389 3032 ad
1403 2997 1533 3037 luteum
1542 3013 1695 3049 vergens,
1714 3002 1747 3035 in
1765 3001 1939 3039 metallicis

237 3045 337 3126 veni}
349 3040 541 3127 {letumque
555 3057 627 3079 cum
638 3048 885 3094 auripigmento
899 3042 1052 3089 nascens,
1071 3045 1224 3082 redolens
1243 3046 1409 3095 sulphuris
1425 3051 1538 3098 vitus;
1563 3053 1603 3087 de
1622 3051 1680 3085 hac
1701 3051 1780 3086 Sral.
1798 3052 1943 3092 Exercit.

234 3103 307 3139 ¹04·
332 3104 348 3127 e
387 3119 396 3133 .
408 3101 462 3129 22.

1837 3149 1924 3186 Calx
