2060 3444
278 157 399 227 264
895 153 1270 224 Meteorolo'gia

267 239 426 292 Ophytes
436 242 480 278 est
500 250 643 277 marmor
652 250 686 274 m
695 237 790 274 iculis
802 237 992 284 serpentum
1004 238 1116 276 simile.
1155 238 1368 285 Porphyrites
1386 236 1432 272 est
1448 248 1594 273 marmot
1605 234 1715 272 rubeis
1725 241 1760 273 δι
1772 238 1860 287 quasi
1872 250 1948 274 can-

264 294 350 328 didis
361 292 496 328 maculis
505 290 704 324 destinetum
720 297 731 335 3
759 287 812 322 seu
823 290 934 335 potius
949 289 1060 324 rubeis
1071 301 1146 325 cum
1164 288 1300 322 maculis
1324 287 1611 323 internitentibus.
1661 287 1798 323 Colotes
1810 289 1887 324 vero
1897 289 1950 322 hi-

265 346 349 377 varii
361 352 566 378 marmorum
577 338 745 373 distributi
761 335 825 372 five
842 349 999 386 tanquam
1009 350 1136 374 venutae
1145 361 1156 377 ‚
1187 337 1251 371 five
1262 348 1298 371 ut
1310 336 1443 372 rnaculae
1455 335 1528 371 sunt
1541 349 1580 370 ex
1591 335 1672 369 succi
1682 335 1804 371 diversa
1816 337 1950 386 percol-

264 390 391 427 latione
402 390 522 425 scilicet
531 401 588 435 per
600 387 763 422 ‘diversum
776 387 885 422 colum
900 410 910 426 ‚
934 387 986 422 vel
1001 388 1162 426 cribrum.
1212 386 1373 434 Analogia
1387 387 1432 421 est
1453 387 1600 422 maere,
1625 383 1713 418 chilo
1728 386 1947 435 &sanguine‚

271 453 417 488 quorum
434 442 527 473 color
541 438 687 473 diversus
707 448 747 471 ex
764 437 889 471 diversa
908 436 1143 483 percellatione
1164 436 1328 472 statuitur.
1378 435 1551 470 Coeterum
1568 437 1666 469 etiam
1680 432 1791 468 succus
1802 438 1901 481 (urin
1913 450 1949 483 q.

264 501 360 536 praec.
375 488 631 532 annotavimus)
653 485 821 521 mineralis
843 485 1009 526 diversus,
1034 487 1085 521 vel
1103 484 1272 520 mineralis
1293 476 1457 519 exhalatio
1472 488 1506 520 in
1520 485 1625 528 ipsum
1640 486 1769 517 succum
1780 483 1948 530 lapideum

262 550 341 573 ante
350 539 599 573 concretionem
611 535 759 575 subiens,
785 534 872 569 reete
881 535 1162 571 diciturinducere
1171 532 1317 569 diversos
1332 533 1467 569 colores.
1521 532 1622 578 ond
1637 531 1828 566 confirmari
1842 535 1945 578 potest

261 599 302 621 ex
312 599 372 629 eo,
392 587 484 635 quod
507 588 595 634 ignis
612 588 643 620 vi
655 584 804 632 plerique
815 584 938 631 lapides
950 585 1011 621 suis
1022 584 1188 621 coloribus
1198 594 1360 618 exuantur
1372 607 1382 625 ,
1407 587 1508 632 igitur
1524 584 1672 618 extranei
1682 590 1777 616 erant
1789 604 1798 620 ‚
1831 587 1864 617 δε
1877 595 1945 619 non

260 639 428 672 exintima
440 636 561 684 lapidis
570 646 701 672 natura.

298 740 305 743 ,
359 696 510 748 Quas,
534 704 608 751 quis
621 701 658 736 fit
672 698 791 736 modus
801 703 947 733 marmor
961 689 1162 746 laevigandi?
1188 693 1402 743 Respondeo,
1414 694 1558 744 laevigari
1573 693 1714 742 &poliri
1729 693 1842 734 arensi,
1859 696 1948 739 cujus

257 749 392 787 affrit‘ku
401 763 549 787 extantes
562 750 728 799 particulae
742 759 928 783 atteruntur
939 763 951 786 5
977 747 1051 782 cum
1062 749 1151 782 enim
1163 759 1225 793 prae
1236 747 1357 780 duritie
1371 744 1509 790 majores
1523 743 1692 792 particulae
1703 748 1812 778 excuti
1825 746 1876 778 vei
1888 747 1945 778 de-

260 802 324 836 cidi
336 815 404 836 non
416 802 557 850 poffint,
581 799 714 834 affricta
737 796 898 836 arenulae,
933 799 1080 831 minores
1100 795 1385 833 excutiuntur‚hae
1399 807 1544 841 namque
1557 792 1808 839 facilius‚quam
1820 793 1882 827 illae
1894 795 1947 828 de-

258 851 477 897 cidipossunt‚
527 850 713 885 Adhibetur
725 850 823 882 etiam
832 847 973 884 humor,
1004 859 1072 893 quo
1085 845 1204 880 scilicet
1213 856 1309 879 arena
1319 844 1487 892 subigatur
1499 868 1509 882 ‚
1535 847 1762 878 &maceretur
1779 867 1788 881 ‚
1816 842 1945 878 ursaci-

258 898 323 935 lius
332 901 395 936 sese
405 903 440 935 in
454 903 607 936 cavitates
618 898 689 933 illas
702 895 864 935 insinuet,
890 908 962 943 quae
975 896 1161 938 dejiciendae
1175 893 1263 932 sunt.

352 955 535 997 'Conclusio
550 974 584 997 2.
633 960 776 1007 Coslapis
789 960 834 994 est
848 958 968 993 solidus
980 983 988 996 ,
999 962 1107 994 nitore
1117 971 1242 998 carens,
1262 952 1452 1005 &granulis
1467 956 1630 995 constans,
1641 959 1778 1000 cujusin
1793 958 1944 995 acuendo

255 1008 348 1044 ferro
356 1012 432 1046 ulus
441 1012 498 1050 est.
532 1013 639 1054 Hujus
657 1010 775 1056 species
788 1009 834 1044 est
844 1012 988 1042 eoticula
1001 1008 1055 1043 seu
1065 1008 1173 1058 Lydius
1185 1007 1282 1054 lapis,
1291 1020 1359 1053 quo
1368 1006 1499 1041 metalla
1509 1005 1788 1048 affrirata,sincera
1799 1007 1839 1041 ab
1850 1007 1945 1042 adul-

255 1062 371 1094 terinis
391 1061 645 1107 dignoscuntur.
671 1062 832 1103 Optimus
844 1059 1010 1096 censetur,
1026 1061 1083 1104 qui
1105 1059 1254 1092 hominis
1267 1057 1372 1090 halitu
1393 1059 1547 1103 protinus
1559 1054 1674 1094 sudat,
1691 1055 1882 1105 nubemque
1893 1058 1945 1091 di·
1994 1075 1998 1081 ·
2048 1052 2051 1055 ⁵

253 1107 365 1146 scutit.
417 1109 613 1144 Duriffimus
623 1108 666 1142 est
676 1120 715 1142 ex
728 1108 840 1153 plexu.
891 1105 1201 1142 Habetdenticulos
1222 1105 1420 1140 acutiffimos
1443 1103 1534 1139 velut
1546 1103 1748 1140 subtilislima
1768 1106 1944 1154 lima‚quae

254 1157 410 1193 taetuiob
422 1159 637 1194 subtilitatem
647 1157 757 1204 aspera
777 1169 846 1190 non
869 1157 1013 1193 videtur.
1052 1157 1245 1203 Aspergitur
1265 1167 1348 1202 aqua
1362 1156 1447 1192 coti,
1473 1157 1555 1188 utin
1570 1167 1604 1188 ea
1615 1153 1741 1189 serrum
1753 1153 1945 1202 subigatur,

251 1208 443 1254 complanat
454 1210 544 1242 enim
560 1208 683 1241 humor
692 1204 908 1248 majoresillas
921 1205 1121 1252 asperitates,
1142 1205 1291 1253 alioquin
1313 1206 1453 1238 nimium
1468 1206 1611 1250 partium
1622 1204 1759 1251 stragem
1771 1203 1944 1248 facit;1'mo

251 1256 404 1292 utlenius
420 1261 503 1291 acies
512 1267 712 1295 exacuatur,
738 1257 806 1290 Cos
819 1258 955 1303 ungitur
977 1254 1064 1291 oleo.
1093 1252 1189 1302 Lapis
1199 1255 1250 1288 hic
1264 1265 1412 1300 ternpore
1432 1253 1654 1300 Theophrasti
1664 1255 1698 1288 in
1712 1254 1836 1289 Tmolo
1848 1257 1945 1290 inve·

250 1305 404 1341 niebatur
419 1316 430 1351 3
458 1308 493 1341 in
503 1308 585 1342 rivis
599 1304 842 1340 Hildisheimiis
853 1305 952 1339 hodie
964 1308 997 1339 ὃς
1010 1303 1244 1341 GoselarianiS.

352 1366 534 1402 Conclusio
545 1369 653 1403 tertia,
703 1365 787 1399 Silex
799 1363 936 1411 estlapis
948 1363 1069 1399 solidus
1086 1369 1121 1400 δε
1137 1372 1300 1399 marmore
1314 1362 1440 1396 durior.
1491 1361 1649 1398 Diversos
1659 1363 1786 1399 colores
1796 1362 1893 1399 habet
1906 1366 1942 1399 86

251 1418 430 1451 mixturam
443 1420 535 1461 opaci
546 1428 620 1451 cum
631 1416 797 1461 diaphano
807 1415 850 1448 ob
864 1413 1112 1460 dispositionem
1129 1418 1251 1448 variam
1263 1410 1497 1460 particularum
1507 1424 1546 1444 ex
1559 1413 1808 1458 percellatione.
1824 1414 1941 1448 valide

250 1466 352 1501 resilit
363 1467 527 1513 projeetus
546 1481 556 1505 ·‚
587 1467 749 1500 nimitum
771 1475 908 1511 propter
922 1465 1078 1498 duritiem
1098 1463 1262 1498 clasticam
1277 1473 1351 1496 cum
1367 1471 1428 1495 nec
1443 1461 1537 1494 cedat
1553 1484 1564 1500 ,
1605 1475 1665 1497 nec
1678 1466 1942 1498 comminuatur.

249 1517 450 1551 Ferramenci
473 1514 600 1549 incussu
624 1516 710 1561 ignis
721 1513 865 1550 elicitur.
916 1509 1013 1547 unde
1034 1518 1208 1548 revocatur
1228 1513 1267 1545 ad
1283 1514 1390 1559 genus
1405 1509 1551 1555 lapidum
1569 1513 1694 1563 ‘Pyrites
1705 1513 1854 1552 dietum,
1880 1515 1940 1559 qui

248 1564 384 1611 chalybe
401 1562 921 1612 petcussusscintillasignisedit.
983 1563 1132 1608 Qidam
1155 1562 1269 1598 Silices
1293 1559 1481 1609 liquescunt
1497 1558 1541 1593 ob
1564 1567 1743 1597 mixturam
1759 1564 1854 1598 vitrei
1866 1561 1938 1599 suc·

249 1625 294 1654 ci.
971 1651 976 1654 .

343 1659 528 1698 'Conclufio‘
544 1673 675 1710 quarta.
725 1660 861 1708 Lapides
875 1659 982 1707 porofi
994 1662 1089 1700 sunt,
1115 1663 1174 1708 qui
1193 1666 1233 1695 ex
1253 1662 1388 1695 materia
1399 1675 1466 1697 non
1477 1659 1569 1697 valde
1583 1665 1753 1710 compat‘ka
1770 1661 1941 1701 constant,

243 1712 390 1758 ideoque
402 1724 509 1759 partes
520 1712 644 1746 habent
652 1722 750 1745 raras,
802 1709 900 1745 Tales
909 1710 983 1744 sunt
992 1711 1110 1756 Toplms
1122 1714 1297 1744 &Burman
1351 1714 1413 1746 Hic
1425 1711 1507 1759 lapis
1519 1710 1565 1745 est
1586 1712 1691 1747 rarior
1707 1711 1847 1759 spongiae
1862 1724 1940 1746 mo.

244 1763 290 1795 do
302 1760 466 1802 fistulosus
486 1762 575 1795 unde
587 1765 661 1796 aere
676 1772 775 1807 potos
787 1758 920 1806 opleros
945 1758 1053 1794 haber.
1106 1761 1194 1793 Hinc
1215 1761 1248 1793 in
1258 1769 1346 1792 natat
1356 1773 1467 1807 aquae,
1493 1758 1652 1796 &insulis
1663 1762 1852 1796 natantibus
1874 1773 1936 1808 pto

242 1809 467 1845 fundamento
499 1810 558 1846 est.
635 1811 677 1844 Vi
715 1809 834 1842 caloris
859 1808 1054 1854 plerumque
1086 1807 1286 1845 concrescit,
1314 1819 1486 1855 propterea
1506 1822 1547 1844 ex
1568 1810 1738 1845 montibus
1758 1812 1937 1858 ignivomis

240 1861 383 1895 erudiari
398 1859 494 1896 solet.
546 1859 598 1893 Ad
617 1858 835 1905 laevigandam
860 1856 954 1890 valde
970 1857 1275 1891 acommodatusest
1297 1879 1306 1893 ,
1333 1856 1386 1893 sua
1397 1861 1484 1893 enim
1496 1862 1667 1904 asperitate
1682 1862 1935 1894 &comminuto

241 1909 379 1956 pulvere
391 1918 540 1943 extantes
560 1912 738 1942 marmotis
752 1918 860 1952 partes
878 1906 1079 1950 complanat.
1110 1906 1226 1952 Toplms
1242 1904 1379 1952 spongia
1394 1910 1472 1941 item
1485 1907 1613 1954 lapidea
1625 1908 1684 1949 est,
1714 1909 1766 1942 sed
1785 1908 1935 1946 densior.

240 1958 604 2006 graviorquepumice‚
628 1957 718 1992 unde
732 1969 799 1990 non
819 1967 854 1989 ut
877 1967 964 2002 prior
981 1956 1230 2002 aquisinnatat.
1280 1956 1518 2000 Percollarione
1542 1958 1742 1996 concrescit,
1770 1957 1936 1992 defluente

239 2011 332 2043 enim
352 2021 437 2055 aqua
456 2006 670 2055 relinquntur
689 2006 858 2051 parriculae
878 2005 1022 2051 lapideae.
1067 2005 1117 2038 Sic
1143 2017 1183 2038 ex
1204 2005 1328 2050 Topho
1349 2017 1583 2040 concameratae
1604 2007 1803 2054 plerumque
1824 2006 1935 2052 specus

239 2056 336 2096 sunt,
364 2056 535 2105 exquibus
556 2068 644 2103 aqua
657 2053 804 2089 distillat.
857 2055 1006 2100 Frigidus
1017 2066 1057 2087 ne
1073 2052 1109 2087 fit
1122 2077 1131 2090 ,
1163 2066 1202 2087 an
1214 2053 1350 2093 calidus,
1364 2054 1559 2100 disputatur.
1612 2058 1867 2091 HocCardanus
1877 2057 1932 2089 ad-

240 2107 336 2142 struit
351 2130 361 2145 ,
386 2119 488 2154 quem
503 2105 628 2140 refut-at
646 2104 787 2152 Scaliger
805 2105 959 2150 inquiens
980 2114 989 2142 ς
1015 2104 1149 2148 Tophum
1165 2102 1300 2137 calidum
1311 2105 1362 2150 effe
1374 2129 1383 2145 ,
1407 2108 1475 2151 quis
1488 2104 1661 2144 tibidixie?
1685 2118 1758 2140 nam
1767 2117 1930 2153 nequegu.

238 2155 303 2197 (Iu,
329 2169 424 2203 neque
435 2156 519 2190 tafbu
533 2178 541 2192 ‚
562 2167 659 2201 neque
669 2152 788 2188 meato&
798 2152 1025 2200 exparientiaid
1038 2154 1271 2191 velirmentum,
1299 2155 1508 2200 velrepermm
1518 2154 1573 2198 est.
1626 2157 1766 2193 Exercir.
1783 2166 1832 2200 57.

335 2218 492 2253 Coclusio
510 2220 638 2265 quinta.
690 2217 826 2263 Lapides
845 2228 885 2250 ex
904 2215 1039 2251 laminis
1052 2218 1215 2264 compasti
1231 2220 1393 2252 variarum
1412 2217 1593 2262 specierum
1605 2218 1692 2257 sunt.
1707 2230 1737 2257 1.
1765 2218 1937 2264 Petrostilbe

238 2268 343 2316 vulgo
356 2270 504 2314 Lavagna
516 2279 556 2300 ex
567 2267 697 2300 laminis
707 2264 886 2300 concrescit
900 2289 910 2304 ‚
937 2268 1014 2311 quia
1029 2268 1132 2311 prima
1151 2269 1318 2301 concretio
1336 2267 1372 2301 fit
1389 2268 1491 2302 veluti
1511 2270 1544 2302 in
1560 2268 1711 2303 subtilem
1724 2269 1861 2303 crustam
1874 2282 1932 2302 ex-

239 2319 365 2354 udante
378 2316 492 2363 supra,
517 2314 669 2364 infragus
684 2316 846 2360 humore3
883 2325 961 2348 mox
983 2327 1091 2349 novus
1111 2313 1223 2349 succus
1247 2316 1429 2359 lapidfficus
1441 2318 1638 2362 expanditur
1651 2319 1846 2352 &accrescit
1863 2321 1932 2364 pri-

237 2379 299 2402 ωε
311 2366 436 2403 crustae.
489 2366 595 2412 Nigra
605 2364 650 2399 est
661 2388 670 2404 ‚
694 2365 781 2398 unde
790 2375 874 2412 aqua
894 2376 949 2409 per
961 2362 1111 2399 fodinam
1123 2365 1331 2400 Petrostilbes
1342 2365 1447 2400 fluens
1468 2367 1512 2401 est
1525 2366 1618 2400 valde
1627 2379 1694 2401 atra
1705 2391 1714 2406 ‚
1739 2371 1773 2402 ὅ(
1786 2367 1931 2408 turbida,

237 2419 318 2463 quia
329 2414 403 2451 cum
416 2415 467 2449 hic
483 2413 564 2461 lapis
574 2414 614 2448 ab
633 2415 773 2448 humore
790 2412 885 2448 facile
897 2412 1064 2459 subigatur
1077 2441 1088 2458 ‚
1124 2413 1264 2449 multam
1287 2415 1521 2461 particularum
1540 2417 1606 2450 vim
1617 2429 1700 2463 aqua
1711 2417 1935 2464 praeterfluens

238 2466 352 2501 secum
363 2465 522 2511 asportat.
573 2466 661 2498 Hinc
675 2463 695 2496 si
709 2463 826 2497 deinde
834 2475 917 2510 aqua
929 2464 1082 2507 praedieta
1101 2464 1270 2510 quiescat,
1296 2463 1520 2510 limpidissima
1539 2469 1574 2499 &
1584 2465 1796 2501 saluberrima
1807 2467 1930 2506 evadit.

239 2514 431 2562 corpuscula
447 2517 540 2549 enim
554 2512 671 2557 lapidis
687 2511 730 2546 ob
751 2515 945 2560 gravitatem
961 2512 1048 2547 suam
1070 2511 1224 2547 deorsum
1248 2514 1415 2549 tendentia
1433 2513 1575 2560 reliquas
1587 2518 1685 2550 etiam
1700 2516 1810 2551 sordes
1820 2516 1932 2557 securri¹

236 2575 418 2611 asportant.
472 2564 555 2597 Usus
566 2565 634 2605 ejus
648 2560 824 2607 praesertim
846 2561 886 2594 ad
897 2562 981 2595 tecta
1001 2561 1177 2597 formanda
1198 2562 1346 2597 deservit.
1366 2576 1399 2601 2.
1435 2566 1529 2610 Lapis
1541 2562 1713 2611 specularis
1726 2565 1827 2612 vulgo
1836 2565 1928 2600 ‘Talco

236 2615 344 2650 (licitus
354 2636 363 2651 ‚
389 2610 569 2649 concrescit
577 2623 617 2645 ex
628 2610 721 2644 succo
737 2610 885 2645 accurate
894 2610 1067 2657 deputato.
1125 2614 1244 2647 Oritur
1257 2614 1322 2654 eju‘s
1334 2613 1546 2659 perspicuitas
1556 2626 1596 2647 ex
1606 2616 1818 2649 ordinatione
1827 2626 1928 2662 poro·

237 2672 329 2712 rum3
348 2661 468 2698 scilicet
477 2660 648 2696 lamellaru
655 2673 700 2697 m,
712 2659 786 2694 cum
800 2661 941 2694 invicem
955 2660 1233 2707 separamurmam
1247 2660 1341 2696 simul
1350 2664 1534 2707 conjunekae
1546 2675 1653 2709 opacae
1665 2664 1860 2712 sunt(quem
1869 2663 1931 2697 ad·

235 2714 375 2748 modurn
388 2725 474 2760 aqua
485 2710 651 2758 profunda
664 2708 801 2744 obscura
815 2708 882 2755 est)
897 2722 1018 2758 nempe
1031 2710 1076 2745 ob
1088 2712 1372 2747 inordinationem
1389 2724 1548 2760 potorum
1563 2716 1664 2750 unius
1690 2713 1828 2749 lamellae
1847 2725 1924 2751 cum

236 2762 374 2808 lamellae
393 2761 541 2799 alterius,
585 2761 690 2797 Poris.

336 2824 518 2861 Conclusio
546 2825 656 2862 Sexta.
705 2820 897 2869 Lithophita
922 2821 1016 2862 sunt,
1047 2836 1121 2870 quae
1147 2837 1188 2859 ex
1214 2824 1310 2860 succo
1335 2823 1560 2872 lapidescente
1593 2826 1633 2862 ad
1670 2827 1770 2863 instar
1802 2826 1924 2872 plantae

235 2874 383 2909 crescunt
403 2872 827 2922 perintrosusceptionem,
854 2872 1252 2919 undesciapidesplantae
1264 2876 1496 2913 nominantur.
1577 2878 1624 2912 Ex
1648 2877 1699 2911 his
1725 2879 1831 2923 primo
1847 2875 1924 2910 loco

237 2936 434 2959 numeratur
457 2921 681 2970 Glossopetra,
705 2922 738 2954 id
753 2920 797 2955 est
811 2943 821 2959 ,
834 2920 965 2965 lapisad
977 2922 1118 2957 modum
1136 2923 1257 2972 lingua:
1274 2935 1449 2960 concretus
1475 2936 1512 2960 ut
1532 2924 1716 2972 plurimum
1735 2926 1926 2961 denticula.·

235 2983 296 3012 tae,
331 2974 389 3018 qui
408 2972 469 3008 suae
493 2975 620 3007 matrici
647 2970 807 3007 adnuet,
832 2968 884 3004 vel
908 2971 1027 3010 radici,
1059 2985 1100 3006 ex
1127 2986 1191 3020 qua
1217 2971 1332 3008 sensim
1368 2971 1433 3009 fine
1454 2974 1547 3011 sensu
1573 2974 1660 3023 sugit
1681 2974 1924 3011 alimentitium

236 3021 391 3062 succum,
416 3021 613 3070 apparentt'];
635 3022 752 3055 nativae
771 3018 880 3068 fibrae3
905 3020 982 3054 hinc
1001 3020 1095 3057 tacile
1114 3023 1149 3057 in
1172 3023 1312 3071 longum
1329 3021 1495 3072 finditur,
1522 3036 1559 3059 ut
1579 3024 1729 3073 lignum,
1754 3024 1787 3058 id
1797 3024 1857 3070 est,
1876 3024 1926 3059 se·

237 3072 384 3107 cnndum
410 3069 569 3109 fibrarum
603 3069 866 3118 longitudinem.
911 3070 1044 3105 Dicitur
1078 3070 1236 3122 hiclapis
1259 3083 1368 3108 arcere
1412 3086 1593 3111 venenum.
1640 3073 1792 3112 Secundo
1828 3085 1928 3108 revo-

1806 3134 1923 3160 cantur
