2060 3444
1241 80 1252 95 ,
1280 86 1283 88 .

254 97 361 154 104
908 82 1283 154 Mereorol‘ogia

259 172 296 208 n‘1
303 183 401 220 mque
411 169 613 207 m‘ulrifom'xi
626 169 712 216 {aaa
723 171 948 207 commoveri,
977 168 1112 218 tumque
1120 181 1295 218 ventorum
1307 167 1420 216 portas
1428 166 1548 216 'apetiri
1563 190 1572 207 ‚
1596 167 1672 205 cum
1683 166 1810 219 Jupiter
1819 165 1942 208 Solet'ffi

261 223 391 256 Lunam
403 245 413 260 ‚
434 225 467 257 &
484 223 690 256 Mercurium
703 243 712 258 ‚
729 229 787 252 aut
798 219 943 252 eundem
954 219 1154 253 Mercurium
1174 220 1264 253 Mars
1272 219 1430 253 diametra
1450 218 1632 252 radiatione
1649 221 1829 266 aspexerit,
1853 220 1947 250 velet

262 269 766 318 quadratafueritconju·n&us⁹,
790 267 842 303 vel
853 266 908 301 ubi
920 266 1056 314 uterque
1066 273 1100 302 in
1111 266 1210 314 signis
1227 270 1279 301 aer
1291 269 1330 302 iis
1343 267 1522 308 fuerit,aut
1537 269 1571 300 in
1591 269 1762 308 Geminis,
1779 272 1813 303 δε
1824 265 1919 302 Libra
1935 277 1950 310 3

269 330 326 353 aut
335 318 411 354 enm
426 321 518 354 Luna
532 319 708 363 &Jupiter
721 318 756 351 in
771 318 884 350 Ariete
897 319 931 350 ὅ(
940 316 1118 363 Scorpione
1131 320 1251 364 pariter
1267 315 1569 351 fuerintconstituti
1582 316 1724 363 3de1nde
1737 320 1828 352 Luna
1838 326 1950 362 aequa-

269 367 330 403 bili
344 368 504 403 societatis
519 366 681 413 potestate
691 378 766 400 cum
778 367 949 400 Mercurio
960 367 1087 403 coierin

354 414 536 452 Paracelsus
548 415 659 452 lib.de
668 417 812 451 Meteor.
828 427 898 460 cap.
915 425 945 459 5.
959 413 1064 449 solitis
1076 417 1139 450 suis
1155 416 1252 461 nugis
1261 413 1422 453 assuetus,
1440 417 1485 449 ait
1502 425 1512 452 ι
1529 416 1620 448 Venti
1639 416 1672 448 in
1682 413 1917 460 stella-exstant
1942 431 1954 453 ⁵

269 458 309 503 ὦ·
326 467 383 511 ista
391 475 498 498 malm
506 464 697 509 eorumsunt.
746 466 788 499 Et
798 463 897 510 paulo
910 463 998 508 post:
1023 467 1148 502 Senum,
1165 476 1206 497 ex
1217 475 1276 510 quo
1292 467 1377 498 venti
1398 465 1562 506 nascuntur
1573 487 1583 503 ,
1613 465 1659 497 es?
1678 468 1811 497 materia
1820 466 1952 512 prima-³

268 518 367 551 trium
377 526 566 561 prunorum,
581 514 751 561 ntfialphur
764 536 774 552 ‚
788 514 838 559 fis!
846 536 854 549 ‚
874 512 1043 561 &liquam
1069 515 1126 548 έναι·
1141 516 1203 547 tria
1211 514 1385 558 materfimt
1396 536 1407 552 ‚
1425 526 1466 548 ex
1482 515 1652 561 quassatus
1667 516 1860 556 proveniunt.
1909 515 1951 546 Et

265 563 384 601 infra:
409 562 527 596 thctis
542 576 658 610 aquam
673 567 705 595 in
725 565 780 597 clla
796 564 973 608 ferventem
984 565 1120 597 emittere
1132 572 1259 597 ventum
1279 566 1343 599 &a
1365 565 1484 610 pariter
1497 564 1650 596 Vulcanus
1663 566 1766 610 igneus
1782 562 1909 605 existens
1918 564 1952 595 in

259 614 353 660 stellis
366 615 430 646 tria
437 616 540 659 prima
551 613 655 648 bullire
657 614 742 661 facit
748 624 801 660 prce
806 613 861 656 [bea
869 622 983 646 natura
991 632 1002 651 ‚
1017 611 1087 647 inde
1095 621 1202 647 ventus
1216 613 1364 661 exfisrg‘m
1415 612 1525 647 ltaillc
1535 636 1544 652 ,
1564 624 1648 660 quae,
1660 615 1734 660 quis
1741 623 1814 645 non
1827 611 1919 646 videa
1925 624 1951 660 t²

262 675 369 710 nugas
382 661 444 697 effe
456 660 474 696 'I
1660 700 1662 702 v

364 710 559 745 Aristoteles
575 714 609 746 δι
622 711 827 758 Peripatetici
837 713 1057 746 communiter
1069 711 1211 748 docent,
1235 711 1409 744 materiam
1431 718 1609 745 ventorum
1626 707 1689 744 esse
1702 709 1951 744 exhalationem

268 760 407 795 calidam
421 763 455 796 ὃ(
467 759 600 798 ficeam.
648 759 939 795 Conimbricenses
955 771 1065 794 tamen
1081 760 1174 794 tra&
1197 762 1231 795 6.
1253 762 1395 798 Mereor„
1417 771 1446 796 c.
1457 756 1662 797 2.afferunt‚
1680 771 1749 793 non
1763 757 1825 793 effe
1837 769 1951 805 puram

267 808 514 845 exhalationem
525 826 535 848 ,t
560 808 788 844 sedinterdum
798 819 834 844 ac
845 808 1035 857 frequenter
1046 812 1144 844 etiam
1158 821 1294 854 vapores
1304 806 1569 849 exhalationibus
1583 810 1776 855 permixtos,
1837 810 1950 853 Qam

270 861 467 906 opinionem
478 871 541 907 ego
551 871 590 892 ex
608 859 658 892 his
672 860 837 894 veriorem
846 859 983 893 sentiam
998 872 1037 893 ex
1053 857 1267 905 sequentibus
1278 856 1508 893 assertionibus
1520 856 1640 904 collige
1651 882 1662 897 ,
1679 859 1767 892 unde
1779 857 1815 894 fit

370 907 552 943 Gonclufio
563 912 682 955 prima.
722 910 864 942 Materia
874 919 1051 942 ventorum
1062 907 1106 942 est
1120 907 1285 942 exhalatio
1302 907 1407 941 calida
1416 911 1451 942 ὅ(
1460 908 1549 942 ficca.
1577 909 1623 941 ita
1635 908 1735 942 Arist.
1747 920 1777 944 2.
1789 911 1873 942 Met.
1882 916 1952 952 e.4.

269 956 428 993 Ratioest
436 956 546 1005 primo
559 980 569 996 ,
589 959 668 1005 quia
681 969 756 992 vere
770 960 803 991 δε
823 968 998 995 autumno.
1014 958 1150 1004 quando
1161 958 1206 991 est
1214 956 1461 991 exhalationum
1475 961 1587 1004 copia,
1607 956 1751 991 maxime
1771 958 1952 992 dominan-

268 1017 324 1040 tur
335 1008 436 1042 venti.
487 1006 640 1042 Secundo
651 1030 660 1044 ,
678 1009 756 1053 quia
769 1006 1096 1053 matutinoter'npore
1107 1029 1117 1044 ,
1137 1007 1211 1040 Sole
1220 1007 1407 1043 exoriente,
1428 1017 1605 1041 ventorum
1615 1004 1710 1041 flatus
1723 1029 1733 1045 ‚
1759 1015 1953 1041 commove²

268 1065 323 1090 tut
338 1079 348 1094 ,
366 1054 408 1090 εὸ
420 1055 513 1103 quod
528 1067 606 1090 tunc
621 1055 726 1091 multa
736 1054 904 1090 exhalatio
916 1054 933 1088 ὲ
946 1066 1029 1089 terra
1040 1056 1200 1092 eliciatur.
1251 1057 1340 1090 Hinc
1352 1053 1501 1090 sentiunt
1511 1066 1617 1090 nauta·
1627 1057 1709 1090 circa
1720 1055 1953 1101 promontoria

267 1106 482 1140 vehementes
493 1113 612 1140 ventos
624 1127 636 1144 ‚
663 1108 698 1140 &
707 1106 791 1138 circa
806 1103 916 1138 littora
927 1128 937 1142 ,
953 1111 1085 1151 propter
1099 1105 1220 1139 halitus
1229 1104 1246 1137 ὲ
1257 1107 1360 1139 vicina
1375 1111 1458 1139 terra
1475 1104 1647 1140 resolutos.
1699 1107 1798 1140 Unde
1809 1104 1953 1151 conjecit

269 1153 399 1200 optime
409 1154 672 1199 Christopho'rus
685 1151 873 1187 Columbns
886 1177 897 1194 ‚
922 1163 1042 1188 tetram
1054 1154 1116 1188 esle
1131 1153 1215 1188 ultra
1228 1155 1402 1189 Oceanum
1416 1153 1620 1189 Atlanticum
1631 1177 1642 1193 ‚
1667 1158 1745 1200 quia
1758 1167 1895 1202 magnos
1906 1151 1954 1187 ibi

267 1213 390 1238 ventos
410 1203 656 1249 experiebatur,
704 1201 880 1236 Ovioduni
894 1204 927 1236 in
940 1202 1046 1237 Gallia
1060 1206 1239 1237 continuus
1252 1203 1269 1237 ὲ
1285 1202 1381 1250 specu
1390 1207 1514 1238 montis
1523 1214 1643 1238 ventus
1658 1207 1811 1238 viciniam
1823 1205 1954 1251 inquie-

269 1262 330 1290 tat.
393 1253 609 1298 Impatientes
618 1251 799 1299 aliquando
807 1250 922 1285 accolae
941 1251 1052 1299 specus
1066 1251 1177 1287 fauces
1187 1264 1282 1287 muto
1295 1251 1524 1291 obduxerunt,
1550 1251 1602 1286 sed
1616 1253 1677 1286 hoc
1701 1252 1794 1289 brevi
1804 1254 1956 1300 dejetsto5

267 1299 422 1337 violento
435 1304 539 1348 magis
550 1303 680 1347 impetu
691 1300 840 1335 bacchati
850 1303 963 1347 coepit,
979 1300 1020 1335 sic
1030 1303 1127 1336 etiam
1140 1300 1320 1349 liquefaera
1329 1304 1405 1336 nive
1413 1305 1524 1336 oritur
1535 1312 1653 1337 ventus
1662 1326 1671 1341 ,
1697 1305 1778 1349 quia
1790 1303 1886 1337 datur
1895 1313 1954 1336 ex-

265 1349 368 1385 eundi
378 1349 652 1396 locuslpirationi
662 1349 746 1385 ficcae
762 1373 772 1387 ‚
798 1361 871 1397 quae
880 1352 949 1385 nivi
962 1353 1126 1398 permixta
1135 1361 1217 1389 etat.
1263 1350 1506 1398 Tertioigneus
1516 1350 1650 1385 colotin
1664 1352 1750 1387 coelo
1762 1379 1772 1388 .
1798 1350 1894 1391 Sole,
1917 1353 1954 1385 δε

266 1401 381 1438 Luna,
412 1398 599 1434 &nubibus
610 1410 746 1434 ventum
765 1397 926 1445 significat
938 1422 948 1439 ‚
975 1412 1044 1434 non
1056 1401 1118 1434 alia
1138 1401 1178 1434 de
1192 1400 1283 1435 causa
1297 1423 1308 1440 ‚
1333 1399 1393 1435 nisi
1409 1403 1485 1448 quia
1502 1399 1685 1448 signumest
1699 1425 1710 1440 ‚
1734 1400 1797 1436 esse
1806 1399 1953 1435 fumidas

267 1448 452 1484 &torridas
472 1448 700 1484 exhalationes
716 1451 751 1483 in
774 1451 849 1482 aete
867 1449 1048 1495 congestas.
1099 1447 1156 1484 Ob
1165 1460 1266 1496 quam
1284 1448 1412 1484 causam
1427 1452 1459 1484 δε
1480 1457 1608 1484 cometa
1629 1461 1780 1496 potentes
1795 1448 1956 1497 procellas

263 1499 470 1546 praenunciat
485 1523 495 1538 ,
522 1501 599 1546 quia
617 1497 834 1544 nempeillius
845 1497 974 1532 flamma
985 1500 1194 1544 copiosarum
1207 1498 1455 1533 exhalationum
1465 1499 1606 1546 coagulo
1616 1501 1772 1534 nutritur.
1800 1498 1946 1544 Quarto,

264 1549 344 1594 quia
356 1550 447 1582 venti
456 1545 619 1582 exsiccant
629 1570 639 1586 ‚
660 1551 702 1581 ex
712 1559 752 1581 eo
770 1545 889 1581 scilicet
900 1548 991 1594 quod
1003 1548 1105 1582 calida
1117 1552 1150 1582 δέ
1164 1546 1241 1582 fiet-5.
1254 1550 1389 1582 materia
1400 1549 1551 1582 constent
1563 1572 1574 1587 ,
1608 1561 1679 1582 non
1690 1559 1801 1583 tamen
1813 1550 1952 1596 pingui,

263 1597 344 1631 alias
356 1598 446 1630 enim
462 1598 708 1632 accenderetur.
762 1596 914 1630 Testatur
929 1597 1120 1634 P.Schottus
1133 1599 1288 1631 Panormi
1299 1600 1333 1632 in
1351 1598 1459 1632 Sicilia
1472 1597 1572 1632 flante
1583 1603 1701 1636 ventos
1731 1611 1830 1645 quem
1841 1601 1952 1632 Siroc-

264 1657 343 1681 cum
359 1645 548 1692 appellant,
575 1649 661 1680 &ex
672 1644 830 1678 Africano
845 1649 927 1679 mari
949 1659 1004 1692 per
1017 1644 1408 1687 Insulaslmediterraneas
1417 1646 1458 1680 eo
1478 1645 1645 1686 defertur,
1671 1648 1822 1681 homines
1832 1656 1952 1694 exper-

264 1694 439 1742 tislinguis
451 1695 600 1740 praeaestu
615 1698 650 1729 &
668 1692 807 1728 siccitate
819 1693 1094 1735 obambulantes,
1128 1694 1310 1742 clausisQue
1325 1694 1475 1730 fenestris
1491 1707 1527 1729 ac
1548 1698 1650 1743 portis
1661 1696 1820 1731 omnibus
1832 1697 1950 1730 domo-

262 1757 342 1780 rum
354 1746 445 1777 intra
452 1743 524 1778 loca
534 1743 671 1778 obscura
681 1744 775 1789 aquis
784 1741 956 1790 conspersa
966 1744 1126 1790 languore
1137 1743 1264 1778 tantum
1275 1756 1341 1778 non
1353 1755 1504 1779 enecatos
1518 1744 1677 1782 sedentes.
1728 1745 1866 1790 Quinto
1884 1745 1950 1779 de-‘

263 1800 358 1829 mum
368 1795 404 1828 ὄῑ
413 1792 556 1827 maxime
571 1817 581 1833 ‚
606 1794 684 1839 quia
696 1803 765 1824 non
778 1793 907 1826 videtur
919 1795 1002 1827 ratio
1011 1797 1114 1835 major
1123 1815 1133 1831 ,
1159 1805 1217 1828 cur
1229 1806 1344 1828 ventus
1355 1793 1450 1841 possit
1457 1793 1650 1833 consistere,
1686 1805 1722 1829 ut
1734 1792 1950 1829 conclusione

263 1844 357 1878 tertia
388 1842 515 1881 dicam,
534 1844 572 1876 in
592 1843 667 1875 ae're
681 1851 853 1874 commoto
880 1846 914 1876 &
927 1854 994 1875 non
1014 1842 1215 1887 poslitetiam
1236 1843 1411 1878 consistere
1425 1845 1461 1876 in
1481 1843 1747 1878 exhalationibus
1756 1843 1949 1888 hujusmodi

263 1893 443 1927 commotis
454 1914 465 1931 ‚
492 1902 565 1927 tum
575 1891 712 1939 quando
722 1888 978 1925 admiscerentur
991 1902 1127 1937 vapores
1140 1913 1150 1930 ‚
1177 1903 1212 1926 ut
1228 1904 1306 1926 mox
1317 1893 1479 1930 dicemus,
1505 1894 1603 1940 quam
1620 1894 1756 1940 quando
1767 1905 1835 1927 non
1845 1892 1948 1926 admi-

262 1941 441 1978 sectentur.

361 1983 544 2026 Conclusio
553 1984 705 2030 secunda.
759 1986 896 2029 Materia
916 2000 1093 2025 ventorum
1115 1996 1181 2026 non
1208 1990 1335 2037 {emper
1351 1990 1396 2025 est
1415 2003 1494 2038 puta
1510 1990 1677 2026 exhalatio
1693 1991 1794 2025 calida
1808 1994 1842 2026 &
1855 1990 1952 2031 sicca,

261 2039 314 2076 sed
324 2046 424 2076 etnam
436 2043 566 2088 vaporis
583 2042 711 2076 humidi
727 2045 903 2077 mixturam
914 2039 1019 2075 habet.
1032 2042 1131 2075 Ratio
1141 2040 1199 2079 est,
1212 2043 1289 2087 quia
1300 2041 1426 2075 constat
1437 2054 1492 2076 eos
1505 2040 1706 2087 quandoque
1717 2041 1905 2075 humestare
1915 2043 1950 2074 &

264 2089 327 2125 esse
344 2091 513 2124 humidos.
562 2091 714 2126 Secundo
735 2105 805 2126 non
827 2089 902 2125 raro
925 2089 943 2122 ὲ
963 2092 1044 2123 mari
1062 2089 1185 2135 spirant
1204 2102 1260 2135 per
1279 2091 1428 2137 integros
1448 2090 1593 2128 menses,
1621 2093 1656 2124 δε
1671 2088 1794 2124 etiamsi
1815 2089 1952 2136 quidem

266 2140 391 2174 {tetum
433 2139 528 2185 possit
565 2152 605 2174 ex
637 2139 668 2175 se
703 2140 932 2176 exhalationes
963 2140 1113 2172 emittere
1141 2137 1186 2172 ob
1222 2150 1314 2172 terra:
1349 2141 1570 2172 concretionis
1606 2139 1646 2171 ad
1679 2141 1877 2172 mixtionem
1916 2149 1953 2172 ut

261 2190 330 2234 ejus
346 2186 468 2222 salsedo
479 2188 635 2228 testatur,
662 2201 772 2234 tamen
781 2202 850 2225 non
862 2188 907 2223 est
921 2186 1095 2221 verisimile
1111 2209 1121 2225 ,
1153 2198 1189 2221 ut
1208 2185 1385 2230 observant
1417 2185 1706 2221 Conimbricens‘es
1720 2211 1729 2225 ‚
1756 2199 1882 2223 tantam
1893 2199 1952 2221 ex-

261 2236 470 2272 halationum
482 2240 549 2272 vim
561 2236 603 2271 ab
615 2250 654 2272 eo
664 2239 782 2278 enasci.
833 2237 952 2273 Tertio
964 2236 1076 2277 eade'm
1087 2234 1178 2270 causa
1190 2259 1200 2274 ‚
1225 2248 1296 2283 quae
1306 2238 1340 2270 in
1353 2235 1531 2283 obliquum
1541 2237 1773 2275 movendum
1782 2237 1798 2270 a
1812 2236 1886 2271 Sole
1899 2238 1952 2281 ip-

261 2285 298 2322 so
310 2283 533 2322 exhalationes
544 2287 651 2333 potest
664 2291 743 2323 item
760 2300 896 2324 movere
914 2288 949 2321 in
963 2285 1140 2333 obliquum
1161 2294 1298 2331 vapores
1308 2312 1318 2326 ,
1343 2296 1378 2321 ut
1393 2283 1432 2320 sic
1443 2284 1557 2319 flatum
1569 2286 1678 2323 edant.
1732 2286 1865 2329 Quarto
1874 2287 1952 2334 quia

259 2336 413 2385 pluviam
424 2335 623 2383 plerumque
633 2335 723 2386 sequi
735 2337 814 2373 (olet
823 2342 943 2373 ventus
957 2345 969 2380 3
1001 2335 1137 2383 quando
1153 2334 1342 2370 nimirum&
1357 2345 1442 2369 terra
1458 2335 1647 2369 humestata
1658 2333 1755 2370 multi
1774 2336 1953 2382 ascendunt

258 2397 412 2433 vapores.
468 2387 625 2434 Denique
645 2386 706 2421 nisi
717 2387 884 2422 exhalatio
900 2390 935 2421 &
958 2397 1063 2431 vapor
1083 2386 1220 2419 materia
1234 2396 1409 2419 ventorum
1419 2382 1517 2422 esset,
1541 2383 1633 2418 causa
1656 2384 1746 2418 nulla
1757 2383 1867 2426 foret,
1893 2396 1954 2419 cur

258 2438 355 2471 certis
371 2436 448 2469 anni
459 2435 664 2480 temporibus
677 2435 789 2472 Etesiae
801 2456 814 2483 ἦ
839 2441 874 2472 &
884 2434 939 2470 alii
950 2433 1112 2469 solemnes
1125 2436 1215 2470 venti
1233 2434 1250 2468 ὲ
1260 2436 1355 2468 certis
1363 2431 1556 2480 regionibus
1565 2431 1780 2479 adspirarent.

359 2483 543 2519 Conclusio
552 2488 662 2522 tertia.
688 2485 864 2521 Probabile
882 2485 965 2519 mihi
975 2484 1020 2517 est
1030 2507 1040 2522 ,
1069 2495 1207 2518 ventum
1219 2485 1316 2518 etiam
1328 2478 1407 2529 s‘aepe
1416 2484 1452 2515 in
1467 2482 1532 2516 sola
1543 2484 1626 2516 aeris
1637 2486 1864 2518 commotione
1873 2493 1953 2516 con-

260 2533 379 2569 fistete.
434 2536 524 2568 Nam
537 2533 645 2579 ptimo
655 2537 690 2569 in
700 2534 902 2582 quibusdam
915 2534 996 2568 locis
1004 2535 1186 2568 continuus
1197 2532 1243 2567 est
1253 2543 1388 2577 ventuss
1414 2535 1507 2577 atqui
1519 2542 1586 2566 non
1597 2531 1705 2579 'potest
1717 2531 1779 2567 eff:
1794 2535 1956 2567 continua

259 2583 510 2620 exhalationum
523 2587 557 2617 &
572 2595 735 2629 vaporum
745 2584 884 2619 affluens
895 2585 1002 2630 copia,
1010 2594 1102 2630 ergo.
1145 2581 1295 2617 Secundo
1304 2579 1436 2615 flabello
1449 2593 1561 2615 auram
1571 2581 1779 2627 impellentes
1788 2584 1821 2615 in
1836 2579 1957 2615 faciem

261 2637 379 2681 utique
392 2644 531 2669 ventum
547 2631 706 2671 facimus,
735 2637 792 2681 qui
805 2634 922 2668 eodem
940 2632 1042 2666 modo
1061 2645 1121 2666 nos
1139 2629 1239 2666 afficit
1254 2655 1265 2670 ,
1292 2629 1391 2678 quam
1406 2630 1551 2665 ventusa
1565 2642 1684 2665 natura
1696 2629 1878 2678 impulsus,
1898 2630 1954 2663 aet

259 2685 351 2718 enim
369 2693 559 2718 commotus
578 2680 755 2729 refrigerat
777 2687 812 2717 &
827 2681 942 2729 perflat
958 2681 1058 2715 instar
1083 2681 1297 2721 venti,unde
1315 2681 1418 2726 gratis
1435 2679 1577 2714 omnino
1597 2692 1775 2728 negaretur
1790 2677 1851 2715 effi:
1869 2690 1954 2712 ven*

262 2743 314 2766 tus
327 2756 336 2772 ‚
361 2731 436 2767 cum
458 2731 528 2780 quo
543 2730 724 2765 adsensum
744 2731 834 2766 nulla
853 2728 1204 2777 appareatdifferentia
1229 2741 1287 2764 nec
1301 2728 1395 2763 firma
1408 2732 1493 2763 ratio
1510 2729 1668 2764 habeatur
1682 2734 1714 2764 in
1735 2730 1954 2766 contrarium,

261 2780 381 2816 Tertio
394 2792 513 2816 ventus
525 2779 604 2827 saepe
621 2780 798 2815 vehemens
811 2793 868 2827 per
886 2779 1017 2827 aliquot
1035 2780 1104 2814 dies
1118 2793 1159 2814 ex
1171 2780 1281 2815 eadem
1299 2789 1389 2824 parte
1402 2779 1591 2813 constanter
1615 2779 1829 2826 propellitur,
1863 2779 1953 2813 unde

262 2831 374 2876 quaeso
394 2842 444 2865 tot
457 2829 683 2865 exhalationes
694 2834 729 2865 &
741 2842 876 2876 vapores
886 2833 920 2864 ὃς
933 2841 999 2863 tam
1012 2829 1126 2864 diurni
1140 2830 1157 2867 ?
1179 2840 1261 2875 ergo
1273 2831 1328 2862 aer
1337 2827 1383 2860 est
1394 2850 1403 2864 ‚
1431 2830 1490 2875 qui
1503 2839 1584 2861 tunc
1599 2827 1804 2876 propellitur,
1830 2839 1954 2874 ‘quem-

261 2878 442 2913 admodum
452 2881 541 2914 enim
559 2891 598 2913 ex
609 2878 732 2913 flabelli
741 2882 893 2914 motione
904 2878 1008 2924 potest
1022 2875 1178 2913 notabilis
1188 2876 1300 2913 sentiri
1310 2887 1428 2912 ventus
1438 2900 1449 2916 ‚
1475 2880 1520 2911 ita
1530 2889 1571 2912 ex
1584 2880 1699 2923 majori
1709 2878 1859 2911 motione
1870 2881 1955 2916 aeris

260 2930 399 2962 excitari
411 2928 517 2974 potest
535 2938 653 2963 ventus
669 2940 818 2976 magnus.
868 2927 999 2969 Quarto
1014 2926 1093 2963 cum
1106 2930 1140 2962 in
1159 2926 1272 2974 aliquo
1293 2923 1447 2963 cubiculo
1466 2927 1507 2961 ad
1519 2929 1690 2962 caminum
1701 2924 1739 2959 fit
1754 2927 1841 2973 ignis
1854 2929 1956 2973 veho?

259 2988 357 3011 mens
370 2974 506 3011 sentitur
518 2978 557 3011 ad
565 2980 696 3024 januam
707 2989 824 3012 ventus
834 2975 1027 3011 cubiculum
1039 2976 1227 3024 ingrediens
1238 2986 1249 3014 x
1271 2977 1344 3010 talis
1358 2987 1468 3011 autem
1484 2978 1666 3011 commotio
1686 2976 1769 3009 a‘e'ris
1782 2990 1851 3013 non
1862 2977 1900 3014 fit
1912 2979 1956 3015 ab

258 3024 542 3066 exhalationibus,
569 3027 621 3061 sed
640 3027 680 3060 ad
694 3025 1104 3073 vacuumimpediendum.
1173 3027 1262 3061 cnm
1283 3025 1377 3060 enim
1398 3028 1486 3073 ignis
1504 3026 1611 3060 ae'rem
1626 3035 1838 3062 attenuatum
1848 3029 1956 3065 elevet

252 3072 385 3122 sursum
393 3086 451 3123 per
463 3077 649 3122 caminum,
675 3076 796 3125 illique
803 3074 954 3125 succedat
965 3078 1020 3112 ae't
1031 3079 1226 3126 proximus,
1250 3077 1308 3124 qui
1321 3085 1428 3125 “43¹3
1443 3075 1591 3126 elevatur
1601 3095 1613 3115 2
1647 3076 1834 3125 ingreditur
1850 3081 1884 3113 in
1897 3092 1956 3114 cu-

1804 3127 1957 3165 biculum
