2003 3434
633 149 937 219 Philosophico
953 178 973 186 —
985 150 1176 202 Politicai
1608 146 1625 163 φ
1647 155 1744 219 287-

529 243 677 337 QU
695 243 779 309 AE
799 245 840 310 S
858 242 929 308 T
949 244 978 308 Ι
997 245 1066 309 O
1156 243 1227 310 X
1243 243 1284 310 l.

279 358 368 422 De
383 359 591 444 Argento
620 358 683 422 ἐξ
707 362 995 431 MercuriO,
1017 364 1122 442 five
1155 361 1528 446 Argenm‘vivo,

229 548 264 579 &
282 552 326 593 ex
335 546 489 592 sulphure
501 543 568 579 fere
581 547 670 585 fixo,
691 557 774 590 puro
785 569 797 585 ‚
823 547 983 594 genitum.
1036 549 1126 581 Hine
1143 550 1211 590 ejus
1227 558 1338 580 natura
1350 547 1472 595 frigida
1486 548 1532 581 est
1555 551 1586 580 ὃς
1599 547 1743 586 humida.

229 596 330 629 varias
339 593 388 629 illi
400 595 515 642 figuras
525 595 650 628 Natura
661 595 785 629 tribuit.
837 596 1001 630 Interdum
1011 596 1218 642 capillorum,
1230 596 1458 641 virgultarum,
1470 598 1634 634 arborum,
1647 596 1742 639 pilei-

228 655 283 678 um
294 666 306 682 ,
319 643 502 691 serpentum
514 644 716 691 integrorum
728 667 739 683 ,
752 643 956 691 scorpionum
973 666 983 682 ‚
998 655 1236 692 nonnunquam
1248 645 1338 691 globi
1349 646 1434 691 quasi
1454 645 1519 680 filis
1528 646 1671 679 candidis
1682 666 1691 681 ,
1704 647 1740 678 δε

65 688 174 723 rubris
184 691 337 731 involuti,
347 692 400 728 vel
408 693 543 727 aliarum
554 704 661 727 rerum
673 693 810 738 speciem
822 693 991 739 praesefert⁴
1044 696 1078 729 ln
1089 695 1304 741 generatione
1313 694 1364 727 sua
1374 695 1446 740 plus
1455 696 1494 728 de
1503 706 1638 741 argento
1649 695 1739 732 vivo,

65 738 164 782 quam
176 740 218 775 de
228 740 391 788 Sulphure
399 744 579 788 participat,
589 744 747 787 quoniam
758 742 847 776 illius
857 742 1003 777 colorem
1015 745 1236 789 repraesentat,
1246 746 1281 777 &
1291 744 1367 777 dum
1381 741 1546 789 liquescit,
1567 746 1678 777 omnia
1687 741 1740 776 ke-

68 789 101 820 ῐὲ
114 790 180 830 ejus
188 792 365 826 accidentia
389 794 423 826 in
436 793 466 825 se
479 793 636 830 cominet,
687 792 768 825 Non
778 794 865 826 enirn
882 791 1048 838 liquescit,
1066 803 1125 826 nec
1136 791 1326 827 diffunditur
1339 801 1374 826 ut
1385 804 1466 836 aqua
1477 796 1509 826 &
1521 792 1629 827 oleum
1642 814 1652 830 ,
1679 801 1741 825 nee

63 841 208 884 tangenti
218 840 356 875 adhaeret
366 863 378 879 ,
396 853 466 888 quae
477 842 549 875 sunt
557 841 765 875 conditiones
784 844 909 887 argenti
920 842 999 881 vivi,
1051 842 1142 876 Hinc
1151 844 1250 875 etiam
1264 841 1298 876 fit
1310 852 1361 881 ,ur
1372 852 1441 875 non
1455 840 1488 873 fit
1498 853 1561 875 tam
1573 842 1740 886 pondero-¹

61 884 130 920 sum
142 891 193 926 2&
202 900 300 934 grave
308 889 384 926 ficut
391 891 436 925 est
444 902 556 925 autum
569 903 586 931 ,·
613 889 700 924 unde
709 889 920 934 liquefactum
929 901 1004 924 eum
1016 901 1095 924 auro
1104 893 1136 924 &
1147 889 1285 936 plumbo
1299 910 1310 924 ,
1327 890 1393 924 illis
1405 900 1474 922 non
1484 889 1569 924 secus
1581 902 1615 924 ac
1625 890 1735 923 oleum

62 935 254 980 supernatat,
305 940 405 982 Quod
414 949 521 974 autem
531 939 678 984 quaedam
689 939 860 984 Sulphuris
869 941 980 985 portio
994 940 1033 974 ad
1043 941 1167 986 argenti
1178 940 1440 983 procreationem
1452 950 1632 977 concurrat,
1647 950 1686 974 ex
1700 949 1741 971 eo

62 985 226 1033 colligitur
240 1011 251 1028 ‚
272 992 348 1035 quia
356 989 439 1023 odor
448 988 635 1037 sulphureus
645 991 679 1022 &
690 991 797 1035 gravis
807 987 881 1023 ferit
892 999 988 1023 nates
1001 1011 1013 1028 ,
1033 990 1166 1036 quando
1174 999 1343 1035 argentum
1356 990 1528 1035 deputatur
1543 1010 1552 1026 ,
1574 992 1606 1022 δι
1616 987 1740 1022 confla-

59 1043 121 1070 tur.

65 494 374 648 COnclufio
383 497 498 543 prima.
549 497 731 543 Argentum
748 497 792 532 est
801 496 972 534 Metallum
990 509 1108 544 purum
1131 511 1171 534 ex
1181 509 1317 545 argento
1327 500 1424 538 vivo,
1446 498 1553 537 claro,
1573 495 1744 536 albicante,

160 1085 339 1121 Conclufio
357 1085 508 1125 secunda.
546 1085 664 1134 'Hujus
675 1086 799 1121 metalli
815 1085 970 1123 naturalis
982 1088 1101 1122 mixtio
1114 1097 1183 1121 nnn
1193 1084 1239 1120 est
1251 1085 1398 1131 perfecta
1418 1086 1452 1119 δι
1462 1083 1607 1119 absoluta
1626 1102 1638 1119 2
1665 1084 1740 1119 fiant

60 1133 139 1167 auri.
182 1137 386 1183 *Undeignh
409 1136 486 1171 ficut
504 1144 616 1170 autum
631 1145 699 1169 non
712 1134 844 1173 resistit,
861 1135 914 1171 sed
923 1135 995 1170 cum
1013 1135 1161 1171 funditur
1175 1158 1186 1175 ,
1205 1135 1332 1182 semper
1350 1135 1474 1180 aliquid
1492 1146 1533 1168 ex
1545 1147 1584 1168 eo
1599 1136 1737 1178 deperit.

58 1181 256 1219 Immensum
267 1187 363 1220 etiam
375 1184 462 1220 illius
471 1184 641 1230 deputatio
651 1183 800 1219 laborem
812 1186 950 1232 requirit
963 1207 974 1224 ‚
990 1184 1062 1219 cum
1084 1196 1154 1219 non
1171 1186 1214 1218 ita
1224 1196 1341 1230 purum
1360 1184 1378 1217 ἑ
1390 1183 1516 1218 fodinis
1528 1206 1538 1222 ‚
1557 1195 1592 1217 ut
1604 1194 1718 1217 aurum
1727 1205 1741 1221 ,

59 1230 171 1278 colligi
184 1232 283 1268 soleat
297 1257 308 1274 ‚
327 1246 441 1269 verum
454 1245 537 1269 terra
557 1233 748 1268 &sordibus
768 1234 858 1277 valde
867 1236 1076 1279 permixtum.
1117 1233 1263 1268 Facilius
1279 1236 1376 1268 etiam
1391 1234 1484 1268 sentit
1499 1231 1742 1271 corrosionem,

27 1307 33 1313 .
62 1281 161 1324 quam
176 1295 314 1324 aurum,-
353 1285 498 1319 Nectar·
513 1281 623 1317 finceri
634 1283 925 1324 manentliquores
934 1284 1055 1318 diutius
1066 1282 1182 1318 stantes
1192 1283 1227 1316 in
1240 1281 1318 1317 vasis
1326 1283 1500 1331 argenteis,
1510 1282 1608 1328 quam
1620 1292 1698 1315 autc
1712 1294 1738 1320 s,

61 1331 113 1363 sed
128 1329 212 1366 fiunt
226 1331 475 1380 quodammodo
487 1330 640 1367 venenati
650 1343 715 1366 tum
726 1334 849 1372 odore,
866 1341 938 1366 turn
953 1331 1073 1379 sapore,
1085 1333 1256 1378 prasertim
1270 1331 1290 1365 fi
1302 1331 1362 1366 sint
1373 1331 1518 1378 liquores
1526 1332 1573 1364 aci
1583 1332 1620 1366 li.
1676 1330 1740 1364 Pu-

55 1378 220 1415 rificatum
231 1382 350 1417 malleo
360 1384 494 1430 quidem
508 1382 657 1416 dilatatur
671 1404 681 1420 ,
699 1383 751 1417 {ed
765 1383 877 1416 minus
889 1381 986 1429 quam
997 1392 1110 1416 aurum
1121 1404 1131 1421 ,
1149 1381 1223 1415 cum
1232 1383 1389 1423 majorem
1403 1382 1554 1416 duritiem
1565 1383 1597 1413 &
1608 1381 1741 1415 craffiti-

56 1441 109 1463 em
124 1430 248 1467 habear.
297 1433 418 1467 Manus
427 1429 559 1476 collybo
570 1434 604 1466 &
613 1431 636 1466 li
641 1432 710 1465 ucis
720 1432 821 1478 nigris
830 1430 933 1465 inficit
944 1453 956 1469 ,
967 1431 1056 1477 quod
1067 1430 1109 1464 ab
1118 1431 1310 1477 impuritate
1317 1429 1439 1464 metalli
1449 1431 1613 1476 provenit.
1665 1432 1740 1463 Ma·

56 1480 107 1525 gis
121 1491 239 1525 cupro,
259 1481 360 1527 quarn
371 1479 446 1515 aliis
459 1479 597 1515 metallis
608 1479 760 1519 sociatur,
781 1478 849 1514 imo
868 1481 903 1514 in
916 1484 1136 1526 excoquendo
1155 1479 1195 1513 ab
1206 1479 1325 1514 eodem
1345 1481 1384 1513 ad
1395 1482 1551 1521 majorem
1565 1480 1739 1524 puritatem

56 1529 217 1564 evehitur.
270 1531 409 1577 Refugit
418 1530 551 1565 econtra
559 1530 760 1565 commisceri
770 1540 844 1563 eum
854 1529 1019 1576 sulphure,
1029 1529 1143 1564 stanno
1151 1531 1186 1563 δε
1196 1527 1297 1563 ferro,
1309 1532 1314 1535 ’
1349 1529 1493 1563 Maxime
1506 1527 1670 1563 elasticum
1682 1527 1741 1569 est,

55 1579 90 1611 δι
104 1579 193 1613 acute
215 1579 303 1612 sonat
316 1590 449 1626 propter
457 1587 556 1626 poros
566 1581 723 1624 majores,
744 1580 843 1625 quam
863 1580 898 1613 in
909 1590 1001 1612 auro.

157 1627 337 1663 Conclufio
357 1631 463 1673 tertia.
515 1630 698 1676 Argentum
713 1630 874 1674 reperitur
893 1630 928 1661 in
938 1626 1062 1662 fodinis
1070 1648 1089 1666 ‚v
1101 1629 1136 1660 δε
1155 1629 1242 1662 inter
1253 1627 1418 1661 montium
1432 1625 1549 1660 viscera
1560 1624 1737 1670 perficitur.

55 1675 244 1711 Concrdcit
254 1678 492 1725 plerumquein
500 1677 610 1725 lap‘ide
621 1680 741 1712 cinerei
758 1673 809 1712 vel
822 1678 917 1724 grisei
927 1675 1047 1711 coloris
1062 1697 1075 1714 ,
1088 1685 1302 1721 praeterquam
1323 1676 1357 1708 in
1376 1675 1461 1709 duro
1472 1674 1615 1720 quodam
1627 1673 1735 1720 lapide

56 1737 126 1759 non
144 1726 281 1761 absimili
292 1727 491 1773 Tyrburtino.
540 1727 683 1762 charius
694 1726 779 1762 illud
790 1725 943 1772 est2quod
957 1726 1125 1758 invenitur
1135 1725 1170 1758 in
1182 1725 1290 1770 lapide
1307 1724 1447 1758 candido
1459 1727 1492 1758 &
1504 1723 1739 1770 plumbeo,tale

55 1777 144 1810 enim
154 1775 245 1810 facile
254 1777 272 1810 a
281 1776 484 1812 terrestribus
494 1775 624 1811 facibus
633 1778 798 1822 purgatur.
849 1771 1022 1808 l’lumbum
1034 1774 1165 1821 nigrum
1175 1773 1228 1809 sen
1237 1775 1402 1808 cinereum
1413 1771 1538 1818 signum
1549 1773 1593 1806 est
1602 1766 1732 1812 latetfls

56 1827 181 1872 argenti
193 1822 281 1859 vestrae
297 1826 342 1861 ob
351 1828 488 1861 amicam
498 1825 689 1860 affinitatem
701 1849 713 1864 ,
732 1835 905 1872 generatur
915 1824 1005 1857 enim
1017 1821 1189 1869 plumbum
1203 1834 1244 1857 ex
1258 1821 1360 1856 halitu
1369 1821 1510 1855 craffiori
1529 1820 1601 1867 plus
1615 1819 1737 1855 humo-¹

58 1877 102 1909 ris
110 1898 119 1913 ,
133 1877 242 1911 minus
251 1877 336 1919 ignis
347 1899 357 1915 ‚
367 1875 482 1916 &lere
490 1875 681 1909 tantundem
692 1872 782 1909 terra
791 1873 1000 1911 contineute3
1027 1882 1199 1917 argentum
1209 1870 1287 1905 verb
1298 1871 1431 1917 puriore
1442 1869 1569 1904 habitus
1580 1871 1735 1915 portione

56 1924 218 1959 constat&
231 1923 301 1968 plus
312 1926 353 1958 de
366 1926 462 1971 igne„
480 1923 621 1970 mirique
638 1923 678 1956 de
687 1924 828 1958 humore
845 1922 1012 1967 participat
1023 1944 1032 1957 ‚
1044 1930 1162 1953 terram
1179 1922 1275 1955 etiam
1287 1918 1390 1964 probe*
1400 1918 1539 1953 divisam
1552 1919 1603 1953 vel
1614 1930 1739 1966 praepa·

46 1985 158 2014 >ratam
171 1972 283 2010 habet,
330 1974 483 2018 Repetiti
495 1974 591 2007 etiarn
603 1971 682 2006 solet
691 1971 845 2006 sociatum
857 1969 1032 2004 Marcafitis
1041 1992 1051 2007 ,
1063 1968 1115 2003 seu
1127 1968 1296 2016 pyridibus
1309 1991 1320 2008 ‚
1335 1968 1473 2015 quiquo
1483 1970 1584 2014 magis
1593 1970 1632 2004 ad
1642 1980 1736 2003 aure·

57 2035 112 2056 nm
124 2023 268 2057 colorem
279 2025 435 2057 accedunt
446 2046 456 2061 ‚
469 2025 578 2056 minus
589 2024 713 2068 argenti
725 2021 902 2067 spondent,
914 2019 998 2053 secus
1010 2017 1030 2052 si
1041 2019 1079 2052 ad
1091 2019 1274 2052 candidum.
1325 2019 1374 2051 Ex
1396 2016 1608 2064 Snebergenfi
1623 2018 1738 2052 fodina

56 2074 90 2106 in
102 2074 277 2106 Germania
293 2083 419 2106 tanturn
434 2072 478 2105 est
498 2072 674 2106 extractum
685 2094 696 2108 ‚
713 2080 870 2117 quantum
885 2070 983 2102 vicies
1001 2078 1136 2102 centena
1146 2078 1320 2102 aureorum
1334 2065 1576 2103 Rhefinorum
1589 2067 1737 2101 valerent

55 2121 171 2162 millia,
199 2121 337 2163 Jonslon.
346 2121 476 2161 Admir,
485 2122 583 2165 Foffil>
596 2130 723 2166 (ψη.
774 2117 994 2164 Fribergenfis
1016 2128 1091 2150 ante
1110 2115 1234 2160 aliquot
1252 2127 1406 2150 centenos
1427 2127 1530 2149 annos
1548 2126 1671 2150 tantum
1685 2127 1739 2150 ar·
1788 2134 1793 2140 ·

55 2173 144 2216 genti
157 2173 369 2215 suppeditavit
383 2195 391 2209 ‚
415 2183 570 2218 quantum
585 2170 746 2203 Bohemiae
757 2179 894 2215 regnum
902 2177 1053 2213 empturo
1063 2164 1238 2201 (uffecisler.
1275 2168 1390 2213 Agric.
1403 2168 1437 2199 in
1445 2166 1569 2211 praefat.
1591 2165 1741 2200 indecem

50 2220 497 2264 foffil.l1brosadHenricum
515 2222 699 2264 Principem
720 2221 864 2263 Misbnae.
915 2218 1012 2250 Unde
1028 2215 1080 2249 hic
1094 2216 1247 2262 Princeps
1266 2216 1422 2261 grandem
1439 2227 1478 2248 ex
1488 2226 1626 2261 argento
1636 2214 1740 2261 prope*

56 2270 261 2305 Northutam
282 2271 387 2304 statuit
398 2271 548 2304 arborem
559 2293 569 2307 ,
587 2279 621 2303 ut
634 2280 748 2303 eorum
760 2268 848 2301 soliis
865 2266 966 2312 (pars
976 2265 1093 2298 horum
1109 2276 1203 2299 aurea
1213 2288 1224 2304 ‚
1242 2276 1312 2308 pars
1322 2265 1500 2309 argentea)
1528 2262 1669 2302 nobiles,
1683 2264 1740 2309 qui

56 2317 194 2355 feliciter
205 2323 239 2354 in
249 2319 387 2366 equestri
399 2321 564 2354 certaslent
572 2319 747 2352 certamine
759 2339 769 2354 ‚
780 2317 926 2352 donaret.
978 2313 1195 2354 Ampleffltur
1218 2313 1386 2347 metallum
1410 2314 1472 2346 hoe
1484 2315 1682 2356 quandoque
1695 2313 1742 2346 la-

60 2372 171 2414 pidem
183 2369 371 2403 tenuiffimis
382 2369 538 2413 braaeis3
566 2368 742 2413 aliquando
752 2366 828 2400 vero
839 2369 872 2399 δε
883 2364 1018 2411 grandes
1032 2364 1071 2397 de
1083 2363 1254 2398 hocmassae
1266 2373 1433 2397 eruuntur.
1486 2362 1567 2395 Tem
1574 2374 1652 2397 nore
1667 2362 1741 2401 Alb.

56 2419 194 2452 Saxonis
210 2417 363 2457 Snebergi
386 2430 472 2451 tanta
483 2443 493 2456 ‚
514 2429 550 2451 ut
564 2418 599 2450 ea
612 2417 684 2450 loco
699 2415 812 2449 mensae
825 2416 858 2448 in
870 2414 980 2448 fodina
991 2412 1062 2446 usus
1075 2411 1194 2453 fuerit,
1205 2414 1317 2448 dicens
1331 2424 1341 2452 ς
1367 2411 1546 2447 Ρνοάενιεια
1562 2414 1739 2458 Imperator

53 2478 160 2516 potens
169 2469 206 2505 ὠ·
215 2467 306 2501 dives
315 2467 355 2511 est
363 2492 373 2508 ‚
382 2469 469 2502 hodte
478 2479 585 2503 tamen
594 2465 745 2512 ejusmodi
755 2466 893 2509 mensam
903 2475 961 2495 non
974 2461 1079 2501 habet,

157 2515 334 2551 Conclufio
346 2529 471 2565 quarta.
520 2519 617 2550 Varia
629 2528 668 2550 ex
679 2527 717 2549 eo
727 2526 823 2559 opera
837 2524 907 2548 tum
918 2522 1038 2545 naturae
1047 2535 1057 2550 ,
1080 2522 1147 2545 tum
1160 2510 1236 2544 artis
1252 2510 1406 2544 industrii
1416 2510 1642 2545 conficiuntur.
1694 2510 1740 2543 Ex

56 2578 141 2612 puro
153 2577 231 2611 puto
241 2577 375 2612 argento
401 2569 437 2601 in
448 2566 617 2602 visceribus
628 2576 716 2599 terra
728 2564 897 2597 formatam
913 2563 1042 2594 iconem
1052 2560 1174 2594 Christi
1187 2560 1326 2594 Domini
1337 2560 1492 2595 Crucifixi
1510 2573 1580 2594 cum
1596 2559 1741 2603 Virgssnis

58 2618 175 2651 Matris
185 2614 292 2661 effigie
304 2627 460 2659 repertam
475 2615 568 2650 fuifle
580 2614 706 2648 testatur
717 2613 889 2647 oswaldus
898 2610 1040 2644 Grembs
1052 2612 1085 2643 in
1100 2608 1217 2647 Arbor,
1234 2610 1362 2644 homin.
1371 2609 1393 2645 l.
1409 2621 1438 2645 1.
1450 2623 1476 2648 c.
1488 2623 1521 2656 7.
1536 2615 1588 2641 sec.
1609 2621 1637 2652 5.
1649 2610 1696 2649 §-1
1709 2612 1743 2647 8.

54 2666 98 2700 [ιε
110 2669 143 2700 &
155 2665 306 2709 Agricola
318 2664 375 2705 lib,
394 2674 448 2701 10.
461 2666 498 2699 de
509 2675 573 2703 nar.
587 2663 682 2700 foffil.
699 2665 783 2697 inter
796 2661 856 2695 alia
868 2671 1030 2695 memorat
1041 2682 1050 2697 ‚
1077 2658 1220 2694 Vidimus
1232 2682 1241 2697 ,
1254 2660 1375 2704 inquit,
1387 2670 1515 2706 parvam
1529 2660 1584 2690 vir·
1599 2659 1743 2695 statuam,

54 2718 112 2762 qui
132 2715 289 2750 infantem
301 2714 445 2749 humeris
460 2716 522 2748 suis
533 2713 723 2751 sustinebat,
743 2725 780 2746 ex
797 2721 934 2758 argento
949 2709 1086 2743 anatura
1098 2707 1216 2742 faetam
1228 2732 1237 2747 ,
1255 2721 1323 2742 non
1346 2709 1385 2742 ab
1394 2720 1459 2742 arte
1471 2707 1621 2745 effictam,
1675 2708 1743 2740 Ea...

54 2766 224 2811 quondam
242 2763 457 2811 Schonbergae
469 2777 508 2798 ex
519 2762 729 2798 celeberrima
749 2762 872 2805 argenti
894 2758 1009 2793 fodina
1030 2756 1136 2792 effossa
1146 2757 1219 2792 fuit.
1270 2757 1445 2804 Copiosior
1467 2756 1543 2789 vero
1565 2757 1640 2790 artis
1651 2754 1743 2788 labor

55 2816 112 2850 est.
164 2815 260 2861 Apud
268 2812 461 2860 Testosagas
472 2813 567 2862 mole
578 2823 734 2859 argenteae
746 2808 928 2844 fabrefa&ae
938 2810 1008 2842 lunt
1021 2809 1171 2841 inventae.
1223 2807 1384 2853 Clypeum
1399 2806 1548 2839 Barchini
1563 2803 1742 2837 Astrubabs

56 2876 261 2912 argenteum,
274 2864 389 2909 pondo
400 2874 530 2898 centum
540 2855 670 2909 triginta
680 2862 756 2895 esto
768 2859 857 2893 fuisle
869 2869 975 2892 narrat
995 2868 1049 2892 ιιι».
1061 2856 1201 2898 Jonlion,
1252 2857 1370 2898 Cafpar
1383 2854 1496 2888 Baldus
1510 2857 1650 2887 maxima
1672 2856 1744 2886 vasa

57 2926 98 2948 ex
111 2925 245 2961 argento
256 2913 338 2957 apud
349 2914 446 2947 ludos
456 2912 640 2946 observavit
652 2936 661 2950 ‚
685 2923 723 2944 ex
735 2909 852 2956 quibus
865 2907 1078 2951 Elephanton,
1093 2909 1188 2954 pedes
1198 2906 1346 2940 lavabant
1357 2907 1390 2937 in
1403 2904 1474 2937 aula
1490 2904 1602 2950 Regis.
1655 2904 1744 2936 Pari·

60 2974 109 2997 ter
133 2967 167 2998 in
181 2964 267 3010 regia
281 2963 403 2996 Soteris
416 2961 569 2995 Antiochi
581 2963 694 2995 omnia
714 2962 861 3004 coquina?
878 2957 1091 2991 instrumenta
1112 2966 1261 3001 argentea
1274 2952 1364 2986 fuiffe
1373 2955 1545 2990 dicuntur,
1570 2953 1644 2986 firm
1664 2955 1695 2986 &
1708 2955 1744 2984 in

56 3014 214 3057 Hispania
226 3014 388 3047 Tuditana
401 3010 550 3056 praesepia
559 3021 707 3058 argentea
719 3020 807 3043 notat
818 3005 942 3045 Strabo,
994 3008 1039 3041 Ex
1051 3007 1166 3040 eodem
1178 3003 1312 3037 metallo
1328 3001 1411 3036 saeta
1426 3005 1462 3036 Pa
1469 3002 1575 3036 ffionis
1588 3003 1620 3035 Η
1637 3001 1743 3037 floria,

56 3067 90 3097 δε
104 3064 275 3098 duodecim
291 3060 444 3095 Herculis
457 3060 584 3094 labores
599 3061 637 3093 ad
649 3061 774 3097 Regem
788 3057 1023 3090 Ferdinandum
1035 3056 1134 3089 delati
1146 3062 1157 3096 3
1183 3052 1222 3087 fic
1232 3056 1264 3085 &
1275 3052 1402 3085 Catolo
1413 3053 1602 3090 Imperator·
1616 3051 1676 3084 col*
1693 3060 1744 3080 m-

62 3124 138 3148 nam
151 3124 191 3147 ex
203 3113 334 3147 materia
349 3111 406 3145 hac
417 3108 590 3145 conflatam
603 3110 612 3143 i
616 3109 691 3156 pse&
705 3109 839 3143 Mexico
849 3106 978 3142 advexit
989 3103 1162 3143 Garrefius.
1190 3104 1334 3138 Pretium
1351 3105 1390 3137 ad
1401 3103 1611 3150 quadraginta
1622 3107 1742 3132 novem

1622 3157 1739 3182 anteo·
