<?xml version="1.0" encoding="UTF-8"?>
<!DOCTYPE html PUBLIC "-//W3C//DTD XHTML 1.0 Transitional//EN"
    "http://www.w3.org/TR/xhtml1/DTD/xhtml1-transitional.dtd">
<html xmlns="http://www.w3.org/1999/xhtml" xml:lang="en" lang="en">
 <head>
  <title>
</title>
<meta http-equiv="Content-Type" content="text/html;charset=utf-8" />
  <meta name='ocr-system' content='tesseract 3.04.00' />
  <meta name='ocr-capabilities' content='ocr_page ocr_carea ocr_par ocr_line ocrx_word'/>
</head>
<body>
  <div class='ocr_page' id='page_1' title='image "./philosphicopolit00rein_0270.png"; bbox 0 0 2060 3444; ppageno 0'>
   <div class='ocr_carea' id='block_1_1' title="bbox 276 97 1272 171">
    <p class='ocr_par' dir='ltr' id='par_1_1' title="bbox 276 97 1272 171">
     <span class='ocr_line' id='line_1_1' title="bbox 276 97 1272 171; baseline -0.006 -14"><span class='ocrx_word' id='word_1_1' title='bbox 276 108 385 169; x_wconf 81' lang='lat'>258</span> <span class='ocrx_word' id='word_1_2' title='bbox 896 97 1272 171; x_wconf 84' lang='lat' dir='ltr'>Meteorologia</span> 
     </span>
    </p>
   </div>
   <div class='ocr_carea' id='block_1_2' title="bbox 268 183 2048 1270">
    <p class='ocr_par' dir='ltr' id='par_1_2' title="bbox 276 183 1968 432">
     <span class='ocr_line' id='line_1_2' title="bbox 375 183 1966 235; baseline -0.003 -13"><span class='ocrx_word' id='word_1_3' title='bbox 375 188 423 222; x_wconf 84' lang='lat' dir='ltr'>Ex</span> <span class='ocrx_word' id='word_1_4' title='bbox 444 199 512 235; x_wconf 88' lang='lat' dir='ltr'>quo</span> <span class='ocrx_word' id='word_1_5' title='bbox 533 184 702 232; x_wconf 82' lang='lat' dir='ltr'>colligitur</span> <span class='ocrx_word' id='word_1_6' title='bbox 723 183 852 232; x_wconf 73' lang='lat' dir='ltr'>ptimo,</span> <span class='ocrx_word' id='word_1_7' title='bbox 871 185 1051 222; x_wconf 74' lang='lat' dir='ltr'>tensionem</span> <span class='ocrx_word' id='word_1_8' title='bbox 1062 189 1143 223; x_wconf 87' lang='lat' dir='ltr'>hanc</span> <span class='ocrx_word' id='word_1_9' title='bbox 1154 185 1317 221; x_wconf 83' lang='lat' dir='ltr'>halituum</span> <span class='ocrx_word' id='word_1_10' title='bbox 1332 185 1452 221; x_wconf 86' lang='lat' dir='ltr'>fieriex</span> <span class='ocrx_word' id='word_1_11' title='bbox 1461 183 1570 220; x_wconf 86' lang='lat' dir='ltr'>calore</span> <span class='ocrx_word' id='word_1_12' title='bbox 1584 209 1592 223; x_wconf 84' lang='lat'><strong>.</strong></span> <span class='ocrx_word' id='word_1_13' title='bbox 1611 189 1668 234; x_wconf 84' lang='lat' dir='ltr'>qui</span> <span class='ocrx_word' id='word_1_14' title='bbox 1686 185 1742 222; x_wconf 89' lang='lat' dir='ltr'>ubi</span> <span class='ocrx_word' id='word_1_15' title='bbox 1754 188 1799 221; x_wconf 87' lang='lat' dir='ltr'>ita</span> <span class='ocrx_word' id='word_1_16' title='bbox 1812 185 1841 220; x_wconf 86' lang='lat' dir='ltr'>le</span> <span class='ocrx_word' id='word_1_17' title='bbox 1850 184 1966 227; x_wconf 77' lang='lat' dir='ltr'>remit-3</span> 
     </span>
     <span class='ocr_line' id='line_1_3' title="bbox 276 234 1968 284; baseline -0.002 -13"><span class='ocrx_word' id='word_1_18' title='bbox 276 239 339 276; x_wconf 82' lang='lat' dir='ltr'>tit,</span> <span class='ocrx_word' id='word_1_19' title='bbox 367 247 404 271; x_wconf 88' lang='lat' dir='ltr'>ut</span> <span class='ocrx_word' id='word_1_20' title='bbox 416 249 485 271; x_wconf 86' lang='lat' dir='ltr'>non</span> <span class='ocrx_word' id='word_1_21' title='bbox 502 236 693 282; x_wconf 69' lang='lat' dir='ltr'>praevaleat,</span> <span class='ocrx_word' id='word_1_22' title='bbox 711 234 751 268; x_wconf 85' lang='lat' dir='ltr'>ad</span> <span class='ocrx_word' id='word_1_23' title='bbox 763 236 855 270; x_wconf 85' lang='lat' dir='ltr'>suum</span> <span class='ocrx_word' id='word_1_24' title='bbox 871 237 1072 282; x_wconf 86' lang='lat' dir='ltr'>principium</span> <span class='ocrx_word' id='word_1_25' title='bbox 1084 236 1220 270; x_wconf 83' lang='lat' dir='ltr'>stamina</span> <span class='ocrx_word' id='word_1_26' title='bbox 1238 234 1294 268; x_wconf 81' lang='lat' dir='ltr'>illa</span> <span class='ocrx_word' id='word_1_27' title='bbox 1310 236 1401 270; x_wconf 88' lang='lat' dir='ltr'>illico</span> <span class='ocrx_word' id='word_1_28' title='bbox 1417 238 1667 282; x_wconf 84' lang='lat' dir='ltr'>regrediuntur,</span> <span class='ocrx_word' id='word_1_29' title='bbox 1686 236 1787 284; x_wconf 84' lang='lat' dir='ltr'>idque</span> <span class='ocrx_word' id='word_1_30' title='bbox 1804 236 1894 283; x_wconf 74' lang='lat' dir='ltr'>juxta</span> <span class='ocrx_word' id='word_1_31' title='bbox 1908 245 1968 268; x_wconf 84' lang='lat' dir='ltr'>na-</span> 
     </span>
     <span class='ocr_line' id='line_1_4' title="bbox 276 283 1965 332; baseline 0.002 -12"><span class='ocrx_word' id='word_1_32' title='bbox 276 296 387 320; x_wconf 79' lang='lat' dir='ltr'>turam</span> <span class='ocrx_word' id='word_1_33' title='bbox 398 283 654 331; x_wconf 76' lang='lat' dir='ltr'>uniuscujusque</span> <span class='ocrx_word' id='word_1_34' title='bbox 665 286 812 330; x_wconf 89' lang='lat' dir='ltr'>corporis</span> <span class='ocrx_word' id='word_1_35' title='bbox 821 284 875 319; x_wconf 65' lang='lat' dir='ltr'>sua</span> <span class='ocrx_word' id='word_1_36' title='bbox 886 288 1019 320; x_wconf 84' lang='lat' dir='ltr'>raritate</span> <span class='ocrx_word' id='word_1_37' title='bbox 1028 285 1079 320; x_wconf 86' lang='lat' dir='ltr'>vel</span> <span class='ocrx_word' id='word_1_38' title='bbox 1089 284 1248 320; x_wconf 83' lang='lat' dir='ltr'>denfitate</span> <span class='ocrx_word' id='word_1_39' title='bbox 1258 285 1388 330; x_wconf 71' lang='lat' dir='ltr'>spoliati</span> <span class='ocrx_word' id='word_1_40' title='bbox 1402 295 1413 331; x_wconf 77' lang='lat'>3</span> <span class='ocrx_word' id='word_1_41' title='bbox 1439 286 1519 319; x_wconf 79' lang='lat' dir='ltr'>hinc</span> <span class='ocrx_word' id='word_1_42' title='bbox 1530 283 1567 318; x_wconf 82' lang='lat' dir='ltr'>fit</span> <span class='ocrx_word' id='word_1_43' title='bbox 1577 307 1587 324; x_wconf 62' lang='lat'><strong>³</strong></span> <span class='ocrx_word' id='word_1_44' title='bbox 1612 284 1703 332; x_wconf 56' lang='lat' dir='ltr'>qubd</span> <span class='ocrx_word' id='word_1_45' title='bbox 1716 285 1892 320; x_wconf 71' lang='lat' dir='ltr'>vehemens</span> <span class='ocrx_word' id='word_1_46' title='bbox 1914 295 1965 318; x_wconf 71' lang='lat' dir='ltr'>ca·</span> 
     </span>
     <span class='ocr_line' id='line_1_5' title="bbox 276 333 1966 380; baseline -0.001 -11"><span class='ocrx_word' id='word_1_47' title='bbox 276 334 328 369; x_wconf 88' lang='lat' dir='ltr'>lor</span> <span class='ocrx_word' id='word_1_48' title='bbox 341 336 538 369; x_wconf 62' lang='lat' dir='ltr'>tractionem</span> <span class='ocrx_word' id='word_1_49' title='bbox 558 335 717 379; x_wconf 85' lang='lat' dir='ltr'>impediat</span> <span class='ocrx_word' id='word_1_50' title='bbox 729 357 739 372; x_wconf 86' lang='grc'>,</span> <span class='ocrx_word' id='word_1_51' title='bbox 763 335 809 368; x_wconf 88' lang='lat' dir='ltr'>ita</span> <span class='ocrx_word' id='word_1_52' title='bbox 826 336 914 368; x_wconf 89' lang='lat' dir='ltr'>enim</span> <span class='ocrx_word' id='word_1_53' title='bbox 933 334 1055 370; x_wconf 82' lang='lat' dir='ltr'>halitus</span> <span class='ocrx_word' id='word_1_54' title='bbox 1070 335 1218 371; x_wconf 87' lang='lat' dir='ltr'>extendit</span> <span class='ocrx_word' id='word_1_55' title='bbox 1230 356 1239 370; x_wconf 80' lang='lat'>‚</span> <span class='ocrx_word' id='word_1_56' title='bbox 1258 344 1293 367; x_wconf 94' lang='lat' dir='ltr'>ut</span> <span class='ocrx_word' id='word_1_57' title='bbox 1312 334 1362 370; x_wconf 90' lang='lat' dir='ltr'>vel</span> <span class='ocrx_word' id='word_1_58' title='bbox 1373 345 1446 369; x_wconf 88' lang='lat' dir='ltr'>urat</span> <span class='ocrx_word' id='word_1_59' title='bbox 1458 356 1468 372; x_wconf 86' lang='lat'><strong>,</strong></span> <span class='ocrx_word' id='word_1_60' title='bbox 1488 333 1686 380; x_wconf 86' lang='lat' dir='ltr'>velrumpat</span> <span class='ocrx_word' id='word_1_61' title='bbox 1700 356 1711 371; x_wconf 87' lang='lat'>‚</span> <span class='ocrx_word' id='word_1_62' title='bbox 1726 346 1761 369; x_wconf 89' lang='lat' dir='ltr'>ut</span> <span class='ocrx_word' id='word_1_63' title='bbox 1773 335 1879 368; x_wconf 76' lang='lat' dir='ltr'>redire</span> <span class='ocrx_word' id='word_1_64' title='bbox 1893 345 1966 367; x_wconf 88' lang='lat' dir='ltr'>am·</span> 
     </span>
     <span class='ocr_line' id='line_1_6' title="bbox 276 379 1632 432; baseline 0 -14"><span class='ocrx_word' id='word_1_65' title='bbox 276 384 364 432; x_wconf 87' lang='lat' dir='ltr'>plius</span> <span class='ocrx_word' id='word_1_66' title='bbox 377 386 411 418; x_wconf 83' lang='lat' dir='ltr'>in</span> <span class='ocrx_word' id='word_1_67' title='bbox 422 382 451 416; x_wconf 92' lang='lat' dir='ltr'>se</span> <span class='ocrx_word' id='word_1_68' title='bbox 465 395 533 416; x_wconf 89' lang='lat' dir='ltr'>non</span> <span class='ocrx_word' id='word_1_69' title='bbox 549 382 689 429; x_wconf 84' lang='lat' dir='ltr'>poffiut‚</span> <span class='ocrx_word' id='word_1_70' title='bbox 708 379 761 416; x_wconf 84' lang='lat' dir='ltr'>sed</span> <span class='ocrx_word' id='word_1_71' title='bbox 770 382 967 418; x_wconf 82' lang='lat' dir='ltr'>attollantur</span> <span class='ocrx_word' id='word_1_72' title='bbox 978 387 1013 418; x_wconf 92' lang='lat' dir='ltr'>in</span> <span class='ocrx_word' id='word_1_73' title='bbox 1028 385 1131 419; x_wconf 87' lang='lat' dir='ltr'>altum</span> <span class='ocrx_word' id='word_1_74' title='bbox 1146 383 1189 418; x_wconf 92' lang='lat' dir='ltr'>ob</span> <span class='ocrx_word' id='word_1_75' title='bbox 1199 384 1335 417; x_wconf 81' lang='lat' dir='ltr'>nimiam</span> <span class='ocrx_word' id='word_1_76' title='bbox 1346 385 1632 419; x_wconf 78' lang='lat' dir='ltr'>extenuationem.</span> 
     </span>
    </p>

    <p class='ocr_par' dir='ltr' id='par_1_3' title="bbox 272 430 1964 620">
     <span class='ocr_line' id='line_1_7' title="bbox 375 430 1964 480; baseline -0.001 -14"><span class='ocrx_word' id='word_1_77' title='bbox 375 431 558 479; x_wconf 74' lang='lat' dir='ltr'>Colligitur</span> <span class='ocrx_word' id='word_1_78' title='bbox 567 430 728 466; x_wconf 75' lang='lat' dir='ltr'>secundo:</span> <span class='ocrx_word' id='word_1_79' title='bbox 753 432 845 480; x_wconf 78' lang='lat' dir='ltr'>quod</span> <span class='ocrx_word' id='word_1_80' title='bbox 859 435 908 467; x_wconf 89' lang='lat' dir='ltr'>uti</span> <span class='ocrx_word' id='word_1_81' title='bbox 919 434 1071 479; x_wconf 61' lang='lat' dir='ltr'>praedid&#39;ta</span> <span class='ocrx_word' id='word_1_82' title='bbox 1086 432 1251 467; x_wconf 86' lang='lat' dir='ltr'>halituum</span> <span class='ocrx_word' id='word_1_83' title='bbox 1263 431 1410 466; x_wconf 83' lang='lat' dir='ltr'>filamina</span> <span class='ocrx_word' id='word_1_84' title='bbox 1418 431 1458 466; x_wconf 80' lang='lat' dir='ltr'>ad</span> <span class='ocrx_word' id='word_1_85' title='bbox 1469 444 1572 478; x_wconf 80' lang='lat' dir='ltr'>poros</span> <span class='ocrx_word' id='word_1_86' title='bbox 1584 432 1733 477; x_wconf 87' lang='lat' dir='ltr'>corporis</span> <span class='ocrx_word' id='word_1_87' title='bbox 1742 430 1964 469; x_wconf 87' lang='lat' dir='ltr'>reduxerunt,</span> 
     </span>
     <span class='ocr_line' id='line_1_8' title="bbox 274 480 1962 529; baseline -0.002 -13"><span class='ocrx_word' id='word_1_88' title='bbox 274 481 442 527; x_wconf 74' lang='lat' dir='ltr'>posiliit&amp;</span> <span class='ocrx_word' id='word_1_89' title='bbox 452 481 594 515; x_wconf 85' lang='lat' dir='ltr'>debeant</span> <span class='ocrx_word' id='word_1_90' title='bbox 606 481 717 515; x_wconf 87' lang='lat' dir='ltr'>rursus</span> <span class='ocrx_word' id='word_1_91' title='bbox 725 483 855 528; x_wconf 84' lang='lat' dir='ltr'>egredi,</span> <span class='ocrx_word' id='word_1_92' title='bbox 874 481 949 516; x_wconf 69' lang='lat' dir='ltr'>cum</span> <span class='ocrx_word' id='word_1_93' title='bbox 962 486 1143 528; x_wconf 81' lang='lat' dir='ltr'>perleveret</span> <span class='ocrx_word' id='word_1_94' title='bbox 1153 483 1240 516; x_wconf 91' lang='lat' dir='ltr'>idem</span> <span class='ocrx_word' id='word_1_95' title='bbox 1251 483 1285 514; x_wconf 86' lang='lat' dir='ltr'>in</span> <span class='ocrx_word' id='word_1_96' title='bbox 1295 493 1431 529; x_wconf 90' lang='lat' dir='ltr'>corpote</span> <span class='ocrx_word' id='word_1_97' title='bbox 1444 480 1534 515; x_wconf 89' lang='lat' dir='ltr'>calor</span> <span class='ocrx_word' id='word_1_98' title='bbox 1545 503 1556 520; x_wconf 87' lang='lat'><strong>,</strong></span> <span class='ocrx_word' id='word_1_99' title='bbox 1573 483 1631 527; x_wconf 89' lang='lat' dir='ltr'>qui</span> <span class='ocrx_word' id='word_1_100' title='bbox 1643 480 1821 527; x_wconf 72' lang='lat' dir='ltr'>[emperest</span> <span class='ocrx_word' id='word_1_101' title='bbox 1834 480 1880 514; x_wconf 90' lang='lat' dir='ltr'>ibi</span> <span class='ocrx_word' id='word_1_102' title='bbox 1891 491 1962 513; x_wconf 89' lang='lat' dir='ltr'>ma-</span> 
     </span>
     <span class='ocr_line' id='line_1_9' title="bbox 272 529 1963 580; baseline 0.002 -16"><span class='ocrx_word' id='word_1_103' title='bbox 272 532 347 578; x_wconf 65' lang='lat' dir='ltr'>jor,</span> <span class='ocrx_word' id='word_1_104' title='bbox 364 530 465 578; x_wconf 74' lang='lat' dir='ltr'>quam</span> <span class='ocrx_word' id='word_1_105' title='bbox 479 533 513 564; x_wconf 87' lang='lat' dir='ltr'>in</span> <span class='ocrx_word' id='word_1_106' title='bbox 524 532 596 564; x_wconf 66' lang='lat' dir='ltr'>aere</span> <span class='ocrx_word' id='word_1_107' title='bbox 606 532 835 566; x_wconf 87' lang='lat' dir='ltr'>circumstante</span> <span class='ocrx_word' id='word_1_108' title='bbox 846 542 984 579; x_wconf 87' lang='lat' dir='ltr'>propter</span> <span class='ocrx_word' id='word_1_109' title='bbox 993 531 1203 580; x_wconf 85' lang='lat' dir='ltr'>lulphuream</span> <span class='ocrx_word' id='word_1_110' title='bbox 1216 534 1386 565; x_wconf 81' lang='lat' dir='ltr'>materiam</span> <span class='ocrx_word' id='word_1_111' title='bbox 1396 554 1407 570; x_wconf 73' lang='lat' dir='ltr'>a</span> <span class='ocrx_word' id='word_1_112' title='bbox 1431 543 1504 578; x_wconf 82' lang='lat' dir='ltr'>quae</span> <span class='ocrx_word' id='word_1_113' title='bbox 1516 533 1550 565; x_wconf 89' lang='lat'>&amp;</span> <span class='ocrx_word' id='word_1_114' title='bbox 1562 529 1661 564; x_wconf 53' lang='lat' dir='ltr'>citis&amp;</span> <span class='ocrx_word' id='word_1_115' title='bbox 1675 531 1876 576; x_wconf 88' lang='lat' dir='ltr'>concipit,&amp;</span> <span class='ocrx_word' id='word_1_116' title='bbox 1888 530 1963 564; x_wconf 84' lang='lat' dir='ltr'>diu·</span> 
     </span>
     <span class='ocr_line' id='line_1_10' title="bbox 276 578 700 620; baseline 0.005 -6"><span class='ocrx_word' id='word_1_117' title='bbox 276 579 342 614; x_wconf 76' lang='lat' dir='ltr'>tius</span> <span class='ocrx_word' id='word_1_118' title='bbox 351 581 474 613; x_wconf 88' lang='lat' dir='ltr'>retinet</span> <span class='ocrx_word' id='word_1_119' title='bbox 482 578 700 620; x_wconf 71' lang='lat' dir='ltr'>caliditatem.</span> 
     </span>
    </p>

    <p class='ocr_par' dir='ltr' id='par_1_4' title="bbox 270 625 2040 974">
     <span class='ocr_line' id='line_1_11' title="bbox 375 625 1965 679; baseline -0.001 -17"><span class='ocrx_word' id='word_1_120' title='bbox 375 628 560 676; x_wconf 82' lang='lat' dir='ltr'>Colligitur</span> <span class='ocrx_word' id='word_1_121' title='bbox 574 630 694 668; x_wconf 78' lang='lat' dir='ltr'>tertio:</span> <span class='ocrx_word' id='word_1_122' title='bbox 720 630 790 664; x_wconf 93' lang='lat' dir='ltr'>Cur</span> <span class='ocrx_word' id='word_1_123' title='bbox 803 651 813 668; x_wconf 91' lang='lat'><strong>,</strong></span> <span class='ocrx_word' id='word_1_124' title='bbox 829 626 851 662; x_wconf 87' lang='lat' dir='ltr'>fi</span> <span class='ocrx_word' id='word_1_125' title='bbox 867 628 1034 666; x_wconf 72' lang='lat' dir='ltr'>succinum</span> <span class='ocrx_word' id='word_1_126' title='bbox 1050 630 1120 679; x_wconf 85' lang='lat' dir='ltr'>post</span> <span class='ocrx_word' id='word_1_127' title='bbox 1130 628 1296 666; x_wconf 61' lang='lat' dir='ltr'>affriaum</span> <span class='ocrx_word' id='word_1_128' title='bbox 1307 639 1411 665; x_wconf 80' lang='lat' dir='ltr'>vento</span> <span class='ocrx_word' id='word_1_129' title='bbox 1423 628 1575 663; x_wconf 81' lang='lat' dir='ltr'>validiori</span> <span class='ocrx_word' id='word_1_130' title='bbox 1585 628 1785 674; x_wconf 84' lang='lat' dir='ltr'>exponitur,</span> <span class='ocrx_word' id='word_1_131' title='bbox 1811 625 1864 661; x_wconf 89' lang='lat' dir='ltr'>vel</span> <span class='ocrx_word' id='word_1_132' title='bbox 1876 626 1965 661; x_wconf 76' lang='lat' dir='ltr'>&#39;vali-</span> 
     </span>
     <span class='ocr_line' id='line_1_12' title="bbox 274 675 1964 729; baseline -0.001 -18"><span class='ocrx_word' id='word_1_133' title='bbox 274 677 319 711; x_wconf 83' lang='lat' dir='ltr'>do</span> <span class='ocrx_word' id='word_1_134' title='bbox 330 675 494 723; x_wconf 82' lang='lat' dir='ltr'>perfletur</span> <span class='ocrx_word' id='word_1_135' title='bbox 506 677 657 713; x_wconf 87' lang='lat' dir='ltr'>anhelitu</span> <span class='ocrx_word' id='word_1_136' title='bbox 671 703 680 719; x_wconf 89' lang='lat'>‚</span> <span class='ocrx_word' id='word_1_137' title='bbox 696 679 814 713; x_wconf 86' lang='lat' dir='ltr'>deinde</span> <span class='ocrx_word' id='word_1_138' title='bbox 827 690 894 713; x_wconf 86' lang='lat' dir='ltr'>non</span> <span class='ocrx_word' id='word_1_139' title='bbox 905 681 1013 715; x_wconf 84' lang='lat' dir='ltr'>trahat</span> <span class='ocrx_word' id='word_1_140' title='bbox 1027 704 1037 720; x_wconf 96' lang='lat'>,</span> <span class='ocrx_word' id='word_1_141' title='bbox 1056 683 1134 729; x_wconf 86' lang='lat' dir='ltr'>quia</span> <span class='ocrx_word' id='word_1_142' title='bbox 1149 678 1269 715; x_wconf 83' lang='lat' dir='ltr'>scilicet</span> <span class='ocrx_word' id='word_1_143' title='bbox 1286 679 1346 715; x_wconf 64' lang='lat' dir='ltr'>hac</span> <span class='ocrx_word' id='word_1_144' title='bbox 1366 681 1494 713; x_wconf 86' lang='lat' dir='ltr'>rarione</span> <span class='ocrx_word' id='word_1_145' title='bbox 1506 677 1671 712; x_wconf 85' lang='lat' dir='ltr'>halituum</span> <span class='ocrx_word' id='word_1_146' title='bbox 1691 675 1859 711; x_wconf 78' lang='lat' dir='ltr'>filamenta</span> <span class='ocrx_word' id='word_1_147' title='bbox 1876 676 1964 710; x_wconf 84' lang='lat' dir='ltr'>dissi-</span> 
     </span>
     <span class='ocr_line' id='line_1_13' title="bbox 272 725 1966 777; baseline -0.002 -17"><span class='ocrx_word' id='word_1_148' title='bbox 272 737 414 773; x_wconf 87' lang='lat' dir='ltr'>pantut.</span> <span class='ocrx_word' id='word_1_149' title='bbox 458 728 549 762; x_wconf 72' lang='lat' dir='ltr'>idem</span> <span class='ocrx_word' id='word_1_150' title='bbox 559 731 744 775; x_wconf 84' lang='lat' dir='ltr'>contingit,</span> <span class='ocrx_word' id='word_1_151' title='bbox 754 727 775 761; x_wconf 84' lang='lat' dir='ltr'>fi</span> <span class='ocrx_word' id='word_1_152' title='bbox 786 727 892 762; x_wconf 72' lang='lat' dir='ltr'>valide</span> <span class='ocrx_word' id='word_1_153' title='bbox 900 728 1111 767; x_wconf 84' lang='lat' dir='ltr'>succutiatur.</span> <span class='ocrx_word' id='word_1_154' title='bbox 1134 739 1190 763; x_wconf 88' lang='lat' dir='ltr'>aut</span> <span class='ocrx_word' id='word_1_155' title='bbox 1201 741 1295 777; x_wconf 83' lang='lat' dir='ltr'>aquae</span> <span class='ocrx_word' id='word_1_156' title='bbox 1309 731 1548 775; x_wconf 82' lang='lat' dir='ltr'>immergatur,</span> <span class='ocrx_word' id='word_1_157' title='bbox 1571 738 1627 761; x_wconf 80' lang='lat' dir='ltr'>aut</span> <span class='ocrx_word' id='word_1_158' title='bbox 1643 737 1745 760; x_wconf 82' lang='lat' dir='ltr'>manu</span> <span class='ocrx_word' id='word_1_159' title='bbox 1757 725 1966 763; x_wconf 80' lang='lat' dir='ltr'>humidiore,</span> 
     </span>
     <span class='ocr_line' id='line_1_14' title="bbox 274 775 1966 825; baseline -0.004 -10"><span class='ocrx_word' id='word_1_160' title='bbox 274 775 327 810; x_wconf 81' lang='lat' dir='ltr'>vel</span> <span class='ocrx_word' id='word_1_161' title='bbox 339 778 510 824; x_wconf 77' lang='lat' dir='ltr'>pinguiori</span> <span class='ocrx_word' id='word_1_162' title='bbox 522 777 593 824; x_wconf 84' lang='lat' dir='ltr'>post</span> <span class='ocrx_word' id='word_1_163' title='bbox 603 777 798 812; x_wconf 64' lang='lat' dir='ltr'>friffionem</span> <span class='ocrx_word' id='word_1_164' title='bbox 808 779 1015 817; x_wconf 64' lang='lat' dir='ltr'>attrestetur.</span> <span class='ocrx_word' id='word_1_165' title='bbox 1066 781 1236 825; x_wconf 87' lang='lat' dir='ltr'>Tempore</span> <span class='ocrx_word' id='word_1_166' title='bbox 1247 780 1346 814; x_wconf 84' lang='lat' dir='ltr'>etiam</span> <span class='ocrx_word' id='word_1_167' title='bbox 1360 778 1476 825; x_wconf 91' lang='lat' dir='ltr'>pluvio</span> <span class='ocrx_word' id='word_1_168' title='bbox 1486 780 1596 811; x_wconf 89' lang='lat' dir='ltr'>minus</span> <span class='ocrx_word' id='word_1_169' title='bbox 1609 776 1710 810; x_wconf 83' lang='lat' dir='ltr'>trahit</span> <span class='ocrx_word' id='word_1_170' title='bbox 1726 798 1738 814; x_wconf 85' lang='lat'><strong>,</strong></span> <span class='ocrx_word' id='word_1_171' title='bbox 1754 779 1831 823; x_wconf 90' lang='lat' dir='ltr'>quia</span> <span class='ocrx_word' id='word_1_172' title='bbox 1845 785 1966 820; x_wconf 87' lang='lat' dir='ltr'>nempe</span> 
     </span>
     <span class='ocr_line' id='line_1_15' title="bbox 272 822 2040 876; baseline -0.002 -17"><span class='ocrx_word' id='word_1_173' title='bbox 272 824 425 859; x_wconf 80' lang='lat' dir='ltr'>humoris</span> <span class='ocrx_word' id='word_1_174' title='bbox 435 827 602 872; x_wconf 83' lang='lat' dir='ltr'>particulae</span> <span class='ocrx_word' id='word_1_175' title='bbox 610 828 731 873; x_wconf 87' lang='lat' dir='ltr'>partim</span> <span class='ocrx_word' id='word_1_176' title='bbox 746 838 847 873; x_wconf 87' lang='lat' dir='ltr'>poros</span> <span class='ocrx_word' id='word_1_177' title='bbox 864 828 1067 868; x_wconf 87' lang='lat' dir='ltr'>obstruunt,</span> <span class='ocrx_word' id='word_1_178' title='bbox 1084 830 1205 875; x_wconf 85' lang='lat' dir='ltr'>partim</span> <span class='ocrx_word' id='word_1_179' title='bbox 1221 827 1405 863; x_wconf 74' lang='lat' dir='ltr'>tenuissima</span> <span class='ocrx_word' id='word_1_180' title='bbox 1421 825 1588 860; x_wconf 85' lang='lat' dir='ltr'>filamenta</span> <span class='ocrx_word' id='word_1_181' title='bbox 1604 825 1749 861; x_wconf 76' lang='lat' dir='ltr'>solvunt.</span> <span class='ocrx_word' id='word_1_182' title='bbox 1800 822 1967 876; x_wconf 39' lang='lat' dir='ltr'>Nihil-et·</span> <span class='ocrx_word' id='word_1_183' title='bbox 2013 863 2019 865; x_wconf 44' lang='grc'>-</span> <span class='ocrx_word' id='word_1_184' title='bbox 2039 835 2040 863; x_wconf 65' lang='lat'>1</span> 
     </span>
     <span class='ocr_line' id='line_1_16' title="bbox 273 871 1966 925; baseline -0.001 -17"><span class='ocrx_word' id='word_1_185' title='bbox 273 877 340 908; x_wconf 83' lang='lat' dir='ltr'>iarn</span> <span class='ocrx_word' id='word_1_186' title='bbox 366 875 485 913; x_wconf 86' lang='lat' dir='ltr'>trahit,</span> <span class='ocrx_word' id='word_1_187' title='bbox 506 875 528 909; x_wconf 82' lang='lat' dir='ltr'>fi</span> <span class='ocrx_word' id='word_1_188' title='bbox 547 888 666 922; x_wconf 85' lang='lat' dir='ltr'>corpus</span> <span class='ocrx_word' id='word_1_189' title='bbox 687 874 823 924; x_wconf 87' lang='lat' dir='ltr'>aliquod</span> <span class='ocrx_word' id='word_1_190' title='bbox 845 889 1144 925; x_wconf 85' lang='lat' dir='ltr'>quantumcunque</span> <span class='ocrx_word' id='word_1_191' title='bbox 1162 878 1322 925; x_wconf 85' lang='lat' dir='ltr'>exiguum</span> <span class='ocrx_word' id='word_1_192' title='bbox 1334 878 1573 922; x_wconf 63' lang='lat' dir='ltr'>interficiatur,</span> <span class='ocrx_word' id='word_1_193' title='bbox 1592 875 1655 908; x_wconf 89' lang='lat' dir='ltr'>hoc</span> <span class='ocrx_word' id='word_1_194' title='bbox 1667 875 1759 909; x_wconf 88' lang='lat' dir='ltr'>enim</span> <span class='ocrx_word' id='word_1_195' title='bbox 1775 872 1871 908; x_wconf 89' lang='lat' dir='ltr'>obice</span> <span class='ocrx_word' id='word_1_196' title='bbox 1884 871 1966 907; x_wconf 69' lang='lat' dir='ltr'>instit</span> 
     </span>
     <span class='ocr_line' id='line_1_17' title="bbox 270 923 1781 974; baseline 0.003 -17"><span class='ocrx_word' id='word_1_197' title='bbox 270 923 439 958; x_wconf 56' lang='lat' dir='ltr'>&amp;alituum</span> <span class='ocrx_word' id='word_1_198' title='bbox 450 924 597 959; x_wconf 86' lang='lat' dir='ltr'>filamina</span> <span class='ocrx_word' id='word_1_199' title='bbox 607 950 619 970; x_wconf 91' lang='lat'>,</span> <span class='ocrx_word' id='word_1_200' title='bbox 641 929 675 959; x_wconf 92' lang='lat' dir='ltr'>in</span> <span class='ocrx_word' id='word_1_201' title='bbox 684 937 752 973; x_wconf 87' lang='lat' dir='ltr'>quo</span> <span class='ocrx_word' id='word_1_202' title='bbox 767 926 910 960; x_wconf 68' lang='lat' dir='ltr'>maxime</span> <span class='ocrx_word' id='word_1_203' title='bbox 923 926 940 961; x_wconf 70' lang='lat' dir='ltr'>a</span> <span class='ocrx_word' id='word_1_204' title='bbox 951 931 1134 974; x_wconf 87' lang='lat' dir='ltr'>magnetica</span> <span class='ocrx_word' id='word_1_205' title='bbox 1141 927 1262 960; x_wconf 88' lang='lat' dir='ltr'>virture</span> <span class='ocrx_word' id='word_1_206' title='bbox 1271 928 1448 973; x_wconf 81' lang='lat' dir='ltr'>discrepat.</span> <span class='ocrx_word' id='word_1_207' title='bbox 1780 950 1781 954; x_wconf 62' lang='lat'><em>=</em></span> 
     </span>
    </p>

    <p class='ocr_par' dir='ltr' id='par_1_5' title="bbox 268 969 2048 1270">
     <span class='ocr_line' id='line_1_18' title="bbox 375 969 1964 1022; baseline -0.001 -15"><span class='ocrx_word' id='word_1_208' title='bbox 375 974 512 1020; x_wconf 82' lang='lat' dir='ltr'>Qaeres</span> <span class='ocrx_word' id='word_1_209' title='bbox 525 985 634 1009; x_wconf 89' lang='lat' dir='ltr'>tamen</span> <span class='ocrx_word' id='word_1_210' title='bbox 647 998 657 1015; x_wconf 85' lang='lat'>‚</span> <span class='ocrx_word' id='word_1_211' title='bbox 676 986 748 1022; x_wconf 91' lang='lat' dir='ltr'>quo</span> <span class='ocrx_word' id='word_1_212' title='bbox 761 974 850 1009; x_wconf 63' lang='lat' dir='ltr'>facto</span> <span class='ocrx_word' id='word_1_213' title='bbox 863 975 954 1022; x_wconf 85' lang='lat' dir='ltr'>palea</span> <span class='ocrx_word' id='word_1_214' title='bbox 966 978 1107 1011; x_wconf 65' lang='lat' dir='ltr'>attradta</span> <span class='ocrx_word' id='word_1_215' title='bbox 1120 977 1304 1010; x_wconf 87' lang='lat' dir='ltr'>retineatur</span> <span class='ocrx_word' id='word_1_216' title='bbox 1319 999 1339 1014; x_wconf 23' lang='grc'>,1</span> <span class='ocrx_word' id='word_1_217' title='bbox 1353 977 1439 1009; x_wconf 87' lang='lat' dir='ltr'>ratio</span> <span class='ocrx_word' id='word_1_218' title='bbox 1462 972 1641 1008; x_wconf 79' lang='lat' dir='ltr'>dubitandi</span> <span class='ocrx_word' id='word_1_219' title='bbox 1655 970 1702 1007; x_wconf 89' lang='lat' dir='ltr'>est</span> <span class='ocrx_word' id='word_1_220' title='bbox 1713 994 1725 1011; x_wconf 87' lang='lat'>‚</span> <span class='ocrx_word' id='word_1_221' title='bbox 1752 983 1829 1006; x_wconf 85' lang='lat' dir='ltr'>nam</span> <span class='ocrx_word' id='word_1_222' title='bbox 1841 970 1865 1006; x_wconf 84' lang='lat' dir='ltr'>fi</span> <span class='ocrx_word' id='word_1_223' title='bbox 1877 969 1964 1005; x_wconf 47' lang='lat' dir='ltr'>hali-¹</span> 
     </span>
     <span class='ocr_line' id='line_1_19' title="bbox 273 1018 1969 1072; baseline -0.001 -16"><span class='ocrx_word' id='word_1_224' title='bbox 273 1021 522 1057; x_wconf 81' lang='lat' dir='ltr'>tusalternatim</span> <span class='ocrx_word' id='word_1_225' title='bbox 533 1025 720 1071; x_wconf 88' lang='lat' dir='ltr'>prodeunt,</span> <span class='ocrx_word' id='word_1_226' title='bbox 764 1027 799 1058; x_wconf 87' lang='lat'>&amp;</span> <span class='ocrx_word' id='word_1_227' title='bbox 810 1022 920 1059; x_wconf 88' lang='lat' dir='ltr'>rursus</span> <span class='ocrx_word' id='word_1_228' title='bbox 931 1023 995 1060; x_wconf 73' lang='lat' dir='ltr'>sese</span> <span class='ocrx_word' id='word_1_229' title='bbox 1007 1028 1171 1072; x_wconf 86' lang='lat' dir='ltr'>recipiunt</span> <span class='ocrx_word' id='word_1_230' title='bbox 1184 1047 1197 1065; x_wconf 86' lang='lat'>,</span> <span class='ocrx_word' id='word_1_231' title='bbox 1233 1036 1293 1059; x_wconf 92' lang='lat' dir='ltr'>cur</span> <span class='ocrx_word' id='word_1_232' title='bbox 1313 1036 1454 1070; x_wconf 86' lang='lat' dir='ltr'>corpora</span> <span class='ocrx_word' id='word_1_233' title='bbox 1470 1022 1569 1057; x_wconf 85' lang='lat' dir='ltr'>semel</span> <span class='ocrx_word' id='word_1_234' title='bbox 1586 1032 1679 1067; x_wconf 86' lang='lat' dir='ltr'>rapta</span> <span class='ocrx_word' id='word_1_235' title='bbox 1702 1033 1771 1055; x_wconf 91' lang='lat' dir='ltr'>non</span> <span class='ocrx_word' id='word_1_236' title='bbox 1783 1022 1938 1069; x_wconf 76' lang='lat' dir='ltr'>rejiciunt</span> <span class='ocrx_word' id='word_1_237' title='bbox 1949 1018 1969 1059; x_wconf 71' lang='grc'><em>2</em></span> 
     </span>
     <span class='ocr_line' id='line_1_20' title="bbox 271 1068 1962 1119; baseline -0.002 -13"><span class='ocrx_word' id='word_1_238' title='bbox 271 1070 474 1118; x_wconf 84' lang='lat' dir='ltr'>Respondeo</span> <span class='ocrx_word' id='word_1_239' title='bbox 497 1095 508 1112; x_wconf 88' lang='lat'><strong>,</strong></span> <span class='ocrx_word' id='word_1_240' title='bbox 535 1072 633 1107; x_wconf 67' lang='lat' dir='ltr'>facile</span> <span class='ocrx_word' id='word_1_241' title='bbox 655 1072 883 1119; x_wconf 79' lang='lat' dir='ltr'>hocexplicari</span> <span class='ocrx_word' id='word_1_242' title='bbox 896 1073 1136 1109; x_wconf 75' lang='lat' dir='ltr'>considerando</span> <span class='ocrx_word' id='word_1_243' title='bbox 1149 1095 1159 1112; x_wconf 78' lang='lat'><em>‚</em></span> <span class='ocrx_word' id='word_1_244' title='bbox 1180 1085 1333 1108; x_wconf 84' lang='lat' dir='ltr'>naturam</span> <span class='ocrx_word' id='word_1_245' title='bbox 1352 1073 1507 1107; x_wconf 83' lang='lat' dir='ltr'>hlaminis</span> <span class='ocrx_word' id='word_1_246' title='bbox 1517 1068 1643 1110; x_wconf 76' lang='lat' dir='ltr'>v&#39;ricofi,</span> <span class='ocrx_word' id='word_1_247' title='bbox 1668 1082 1708 1105; x_wconf 87' lang='lat' dir='ltr'>ex</span> <span class='ocrx_word' id='word_1_248' title='bbox 1722 1071 1786 1104; x_wconf 90' lang='lat' dir='ltr'>hoc</span> <span class='ocrx_word' id='word_1_249' title='bbox 1797 1073 1886 1105; x_wconf 91' lang='lat' dir='ltr'>enim</span> <span class='ocrx_word' id='word_1_250' title='bbox 1898 1070 1962 1104; x_wconf 85' lang='lat' dir='ltr'>sta-</span> 
     </span>
     <span class='ocr_line' id='line_1_21' title="bbox 273 1117 2048 1169; baseline -0.001 -15"><span class='ocrx_word' id='word_1_251' title='bbox 273 1123 337 1155; x_wconf 87' lang='lat' dir='ltr'>tim</span> <span class='ocrx_word' id='word_1_252' title='bbox 348 1132 482 1168; x_wconf 83' lang='lat' dir='ltr'>apparet</span> <span class='ocrx_word' id='word_1_253' title='bbox 492 1144 502 1160; x_wconf 86' lang='lat'>‚</span> <span class='ocrx_word' id='word_1_254' title='bbox 526 1122 619 1168; x_wconf 74' lang='lat' dir='ltr'>quod</span> <span class='ocrx_word' id='word_1_255' title='bbox 631 1121 711 1155; x_wconf 86' lang='lat' dir='ltr'>dum</span> <span class='ocrx_word' id='word_1_256' title='bbox 721 1132 841 1169; x_wconf 88' lang='lat' dir='ltr'>corpus</span> <span class='ocrx_word' id='word_1_257' title='bbox 851 1123 890 1156; x_wconf 89' lang='lat' dir='ltr'>ad</span> <span class='ocrx_word' id='word_1_258' title='bbox 902 1120 1068 1159; x_wconf 83' lang='lat' dir='ltr'>succinum</span> <span class='ocrx_word' id='word_1_259' title='bbox 1079 1123 1124 1158; x_wconf 89' lang='lat' dir='ltr'>est</span> <span class='ocrx_word' id='word_1_260' title='bbox 1133 1123 1330 1161; x_wconf 66' lang='lat' dir='ltr'>adduetum,</span> <span class='ocrx_word' id='word_1_261' title='bbox 1350 1121 1441 1156; x_wconf 74' lang='lat' dir='ltr'>illico</span> <span class='ocrx_word' id='word_1_262' title='bbox 1456 1120 1518 1155; x_wconf 72' lang='lat' dir='ltr'>sete</span> <span class='ocrx_word' id='word_1_263' title='bbox 1536 1120 1684 1167; x_wconf 86' lang='lat' dir='ltr'>implicet</span> <span class='ocrx_word' id='word_1_264' title='bbox 1700 1123 1735 1155; x_wconf 87' lang='lat'>&amp;</span> <span class='ocrx_word' id='word_1_265' title='bbox 1746 1120 1895 1155; x_wconf 89' lang='lat' dir='ltr'>involvat</span> <span class='ocrx_word' id='word_1_266' title='bbox 1907 1117 1966 1153; x_wconf 89' lang='lat' dir='ltr'>us-&#39;</span> <span class='ocrx_word' id='word_1_267' title='bbox 2040 1130 2048 1162; x_wconf 43' lang='grc' dir='ltr'>ᾗ]</span> 
     </span>
     <span class='ocr_line' id='line_1_22' title="bbox 270 1167 1962 1219; baseline 0.001 -16"><span class='ocrx_word' id='word_1_268' title='bbox 270 1181 339 1215; x_wconf 91' lang='lat' dir='ltr'>que</span> <span class='ocrx_word' id='word_1_269' title='bbox 351 1171 391 1204; x_wconf 87' lang='lat' dir='ltr'>ad</span> <span class='ocrx_word' id='word_1_270' title='bbox 403 1171 546 1205; x_wconf 83' lang='lat' dir='ltr'>radicem</span> <span class='ocrx_word' id='word_1_271' title='bbox 557 1173 593 1205; x_wconf 88' lang='lat' dir='ltr'>in</span> <span class='ocrx_word' id='word_1_272' title='bbox 604 1168 737 1205; x_wconf 89' lang='lat' dir='ltr'>succino</span> <span class='ocrx_word' id='word_1_273' title='bbox 747 1170 976 1217; x_wconf 79' lang='lat' dir='ltr'>implantatam</span> <span class='ocrx_word' id='word_1_274' title='bbox 990 1198 1001 1212; x_wconf 89' lang='lat'>‚</span> <span class='ocrx_word' id='word_1_275' title='bbox 1027 1186 1062 1208; x_wconf 89' lang='lat' dir='ltr'>ac</span> <span class='ocrx_word' id='word_1_276' title='bbox 1071 1173 1310 1219; x_wconf 85' lang='lat' dir='ltr'>consequenter</span> <span class='ocrx_word' id='word_1_277' title='bbox 1319 1183 1390 1205; x_wconf 82' lang='lat' dir='ltr'>non</span> <span class='ocrx_word' id='word_1_278' title='bbox 1405 1168 1494 1217; x_wconf 85' lang='lat' dir='ltr'>posse</span> <span class='ocrx_word' id='word_1_279' title='bbox 1513 1172 1656 1218; x_wconf 82' lang='lat' dir='ltr'>amplius</span> <span class='ocrx_word' id='word_1_280' title='bbox 1671 1168 1713 1203; x_wconf 83' lang='lat' dir='ltr'>ab</span> <span class='ocrx_word' id='word_1_281' title='bbox 1728 1181 1768 1204; x_wconf 87' lang='lat' dir='ltr'>eo</span> <span class='ocrx_word' id='word_1_282' title='bbox 1783 1167 1847 1203; x_wconf 73' lang='lat' dir='ltr'>(ese</span> <span class='ocrx_word' id='word_1_283' title='bbox 1859 1180 1962 1216; x_wconf 76' lang='lat' dir='ltr'>expe-</span> 
     </span>
     <span class='ocr_line' id='line_1_23' title="bbox 268 1218 1486 1270; baseline 0 -16"><span class='ocrx_word' id='word_1_284' title='bbox 268 1219 340 1254; x_wconf 76' lang='lat' dir='ltr'>dite</span> <span class='ocrx_word' id='word_1_285' title='bbox 348 1243 360 1263; x_wconf 87' lang='lat'>,</span> <span class='ocrx_word' id='word_1_286' title='bbox 385 1222 421 1254; x_wconf 78' lang='grc' dir='ltr'>δε</span> <span class='ocrx_word' id='word_1_287' title='bbox 430 1220 519 1267; x_wconf 88' lang='lat' dir='ltr'>quod</span> <span class='ocrx_word' id='word_1_288' title='bbox 530 1221 669 1257; x_wconf 85' lang='lat' dir='ltr'>ulterius</span> <span class='ocrx_word' id='word_1_289' title='bbox 677 1218 825 1267; x_wconf 86' lang='lat' dir='ltr'>sequitur</span> <span class='ocrx_word' id='word_1_290' title='bbox 836 1248 851 1270; x_wconf 79' lang='lat'><strong>,</strong></span> <span class='ocrx_word' id='word_1_291' title='bbox 868 1233 938 1257; x_wconf 88' lang='lat' dir='ltr'>non</span> <span class='ocrx_word' id='word_1_292' title='bbox 950 1222 1057 1259; x_wconf 87' lang='lat' dir='ltr'>valere</span> <span class='ocrx_word' id='word_1_293' title='bbox 1068 1222 1210 1270; x_wconf 82' lang='lat' dir='ltr'>amplius</span> <span class='ocrx_word' id='word_1_294' title='bbox 1219 1221 1303 1256; x_wconf 91' lang='lat' dir='ltr'>illud</span> <span class='ocrx_word' id='word_1_295' title='bbox 1314 1219 1486 1268; x_wconf 77' lang='lat' dir='ltr'>repellere.</span> 
     </span>
    </p>
   </div>
   <div class='ocr_carea' id='block_1_3' title="bbox 561 1341 1658 1420">
    <p class='ocr_par' dir='ltr' id='par_1_6' title="bbox 561 1341 1658 1420">
     <span class='ocr_line' id='line_1_24' title="bbox 561 1341 1658 1420; baseline 0.005 -6"><span class='ocrx_word' id='word_1_296' title='bbox 561 1341 1116 1414; x_wconf 88' lang='lat' dir='ltr'>CONCLUSIO</span> <span class='ocrx_word' id='word_1_297' title='bbox 1173 1342 1223 1410; x_wconf 91' lang='lat' dir='ltr'>P</span> <span class='ocrx_word' id='word_1_298' title='bbox 1239 1344 1658 1420; x_wconf 79' lang='lat' dir='ltr'>OL1T1CA.</span> 
     </span>
    </p>
   </div>
   <div class='ocr_carea' id='block_1_4' title="bbox 684 1471 1538 1640">
    <p class='ocr_par' dir='ltr' id='par_1_7' title="bbox 684 1471 1538 1640">
     <span class='ocr_line' id='line_1_25' title="bbox 684 1471 1538 1546; baseline 0.004 -5"><span class='ocrx_word' id='word_1_299' title='bbox 684 1471 948 1541; x_wconf 82' lang='lat' dir='ltr'>Morum</span> <span class='ocrx_word' id='word_1_300' title='bbox 965 1475 1216 1542; x_wconf 85' lang='lat' dir='ltr'>comitas</span> <span class='ocrx_word' id='word_1_301' title='bbox 1230 1480 1538 1546; x_wconf 87' lang='lat' dir='ltr'>neminem</span> 
     </span>
     <span class='ocr_line' id='line_1_26' title="bbox 996 1564 1434 1640; baseline -0.002 -20"><span class='ocrx_word' id='word_1_302' title='bbox 996 1564 1227 1640; x_wconf 78' lang='lat' dir='ltr'>despicit.</span> <span class='ocrx_word' id='word_1_303' title='bbox 1395 1564 1434 1570; x_wconf 54' lang='lat'>„-</span> 
     </span>
    </p>
   </div>
   <div class='ocr_carea' id='block_1_5' title="bbox 69 1682 1962 2578">
    <p class='ocr_par' dir='ltr' id='par_1_8' title="bbox 368 1682 1957 1738">
     <span class='ocr_line' id='line_1_27' title="bbox 368 1682 1957 1738; baseline 0.001 -16"><span class='ocrx_word' id='word_1_304' title='bbox 368 1685 459 1724; x_wconf 73' lang='lat' dir='ltr'>Iruifi</span> <span class='ocrx_word' id='word_1_305' title='bbox 477 1682 648 1734; x_wconf 86' lang='lat' dir='ltr'>publicum</span> <span class='ocrx_word' id='word_1_306' title='bbox 662 1686 815 1725; x_wconf 71' lang='lat' dir='ltr'>nonsatis</span> <span class='ocrx_word' id='word_1_307' title='bbox 829 1689 897 1737; x_wconf 76' lang='lat' dir='ltr'>agit</span> <span class='ocrx_word' id='word_1_308' title='bbox 910 1687 1069 1725; x_wconf 83' lang='lat' dir='ltr'>Politicus</span> <span class='ocrx_word' id='word_1_309' title='bbox 1086 1715 1099 1738; x_wconf 81' lang='lat'>,</span> <span class='ocrx_word' id='word_1_310' title='bbox 1117 1687 1178 1738; x_wconf 61' lang='lat' dir='ltr'>t&#39;lui</span> <span class='ocrx_word' id='word_1_311' title='bbox 1192 1691 1380 1738; x_wconf 72' lang='lat' dir='ltr'>prIvatum3</span> <span class='ocrx_word' id='word_1_312' title='bbox 1406 1693 1508 1728; x_wconf 83' lang='lat' dir='ltr'>etiam</span> <span class='ocrx_word' id='word_1_313' title='bbox 1524 1687 1704 1728; x_wconf 63' lang='lat' dir='ltr'>infimuffi</span> <span class='ocrx_word' id='word_1_314' title='bbox 1730 1686 1788 1724; x_wconf 86' lang='lat' dir='ltr'>suo</span> <span class='ocrx_word' id='word_1_315' title='bbox 1801 1687 1817 1723; x_wconf 80' lang='grc' dir='ltr'>ὲ</span> <span class='ocrx_word' id='word_1_316' title='bbox 1829 1692 1957 1737; x_wconf 82' lang='lat' dir='ltr'>gremio</span> 
     </span>
    </p>

    <p class='ocr_par' dir='ltr' id='par_1_9' title="bbox 367 1736 1956 1794">
     <span class='ocr_line' id='line_1_28' title="bbox 367 1736 1956 1794; baseline 0.004 -19"><span class='ocrx_word' id='word_1_317' title='bbox 367 1742 527 1779; x_wconf 74' lang='lat' dir='ltr'>excludit.</span> <span class='ocrx_word' id='word_1_318' title='bbox 577 1743 749 1778; x_wconf 87' lang='lat' dir='ltr'>Omnibus</span> <span class='ocrx_word' id='word_1_319' title='bbox 762 1744 826 1778; x_wconf 90' lang='lat' dir='ltr'>hoc</span> <span class='ocrx_word' id='word_1_320' title='bbox 837 1755 946 1790; x_wconf 91' lang='lat' dir='ltr'>patere</span> <span class='ocrx_word' id='word_1_321' title='bbox 955 1743 1054 1778; x_wconf 86' lang='lat' dir='ltr'>debet</span> <span class='ocrx_word' id='word_1_322' title='bbox 1067 1766 1078 1783; x_wconf 87' lang='lat'><strong>,</strong></span> <span class='ocrx_word' id='word_1_323' title='bbox 1103 1756 1140 1779; x_wconf 87' lang='lat' dir='ltr'>ut</span> <span class='ocrx_word' id='word_1_324' title='bbox 1150 1746 1264 1780; x_wconf 82' lang='lat' dir='ltr'>Patriae</span> <span class='ocrx_word' id='word_1_325' title='bbox 1276 1746 1405 1781; x_wconf 83' lang='lat' dir='ltr'>Patrem</span> <span class='ocrx_word' id='word_1_326' title='bbox 1419 1746 1449 1780; x_wconf 82' lang='lat' dir='ltr'>se</span> <span class='ocrx_word' id='word_1_327' title='bbox 1460 1745 1523 1780; x_wconf 80' lang='lat' dir='ltr'>effe</span> <span class='ocrx_word' id='word_1_328' title='bbox 1537 1746 1660 1782; x_wconf 84' lang='lat' dir='ltr'>audiat.</span> <span class='ocrx_word' id='word_1_329' title='bbox 1680 1736 1956 1794; x_wconf 64' lang='grc' dir='ltr'>Φίλῶνθςωπῖαι</span> 
     </span>
    </p>

    <p class='ocr_par' dir='ltr' id='par_1_10' title="bbox 367 1789 1958 1843">
     <span class='ocr_line' id='line_1_29' title="bbox 367 1789 1958 1843; baseline 0.005 -20"><span class='ocrx_word' id='word_1_330' title='bbox 367 1789 433 1824; x_wconf 86' lang='lat' dir='ltr'>five</span> <span class='ocrx_word' id='word_1_331' title='bbox 445 1790 680 1826; x_wconf 88' lang='lat' dir='ltr'>Benevolentia</span> <span class='ocrx_word' id='word_1_332' title='bbox 692 1792 824 1827; x_wconf 89' lang='lat' dir='ltr'>nullum</span> <span class='ocrx_word' id='word_1_333' title='bbox 837 1794 1015 1828; x_wconf 88' lang='lat' dir='ltr'>hominum</span> <span class='ocrx_word' id='word_1_334' title='bbox 1027 1793 1147 1828; x_wconf 86' lang='lat' dir='ltr'>statum</span> <span class='ocrx_word' id='word_1_335' title='bbox 1157 1793 1216 1828; x_wconf 78' lang='lat' dir='ltr'>luo</span> <span class='ocrx_word' id='word_1_336' title='bbox 1226 1793 1357 1829; x_wconf 80' lang='lat' dir='ltr'>influxu</span> <span class='ocrx_word' id='word_1_337' title='bbox 1369 1796 1634 1843; x_wconf 78' lang='lat' dir='ltr'>praetergredirur</span> <span class='ocrx_word' id='word_1_338' title='bbox 1643 1818 1653 1834; x_wconf 90' lang='lat'><em>‚</em></span> <span class='ocrx_word' id='word_1_339' title='bbox 1680 1796 1782 1829; x_wconf 68' lang='lat' dir='ltr'>fontis</span> <span class='ocrx_word' id='word_1_340' title='bbox 1795 1796 1894 1830; x_wconf 79' lang='lat' dir='ltr'>instat</span> <span class='ocrx_word' id='word_1_341' title='bbox 1904 1797 1958 1831; x_wconf 85' lang='lat' dir='ltr'>di·</span> 
     </span>
    </p>

    <p class='ocr_par' dir='ltr' id='par_1_11' title="bbox 253 1841 1954 1891">
     <span class='ocr_line' id='line_1_30' title="bbox 253 1841 1954 1891; baseline 0.004 -18"><span class='ocrx_word' id='word_1_342' title='bbox 253 1841 493 1874; x_wconf 79' lang='lat' dir='ltr'>vesinomnes.</span> <span class='ocrx_word' id='word_1_343' title='bbox 545 1841 670 1882; x_wconf 84' lang='lat' dir='ltr'>Eodem</span> <span class='ocrx_word' id='word_1_344' title='bbox 681 1843 815 1879; x_wconf 86' lang='lat' dir='ltr'>intutu,</span> <span class='ocrx_word' id='word_1_345' title='bbox 841 1855 912 1889; x_wconf 89' lang='lat' dir='ltr'>quo</span> <span class='ocrx_word' id='word_1_346' title='bbox 927 1841 1079 1876; x_wconf 84' lang='lat' dir='ltr'>observat</span> <span class='ocrx_word' id='word_1_347' title='bbox 1096 1843 1289 1889; x_wconf 83' lang='lat' dir='ltr'>Principum</span> <span class='ocrx_word' id='word_1_348' title='bbox 1305 1844 1415 1882; x_wconf 82' lang='lat' dir='ltr'>aulas,</span> <span class='ocrx_word' id='word_1_349' title='bbox 1442 1844 1619 1890; x_wconf 71' lang='lat' dir='ltr'>plebecula:</span> <span class='ocrx_word' id='word_1_350' title='bbox 1638 1842 1767 1890; x_wconf 88' lang='lat' dir='ltr'>respicit</span> <span class='ocrx_word' id='word_1_351' title='bbox 1776 1846 1954 1891; x_wconf 69' lang='lat' dir='ltr'>mapalia...</span> 
     </span>
    </p>

    <p class='ocr_par' dir='ltr' id='par_1_12' title="bbox 253 1886 1953 1941">
     <span class='ocr_line' id='line_1_31' title="bbox 253 1886 1953 1941; baseline 0.004 -19"><span class='ocrx_word' id='word_1_352' title='bbox 253 1888 377 1923; x_wconf 85' lang='lat' dir='ltr'>Eadem</span> <span class='ocrx_word' id='word_1_353' title='bbox 390 1890 518 1923; x_wconf 87' lang='lat' dir='ltr'>aurium</span> <span class='ocrx_word' id='word_1_354' title='bbox 529 1886 684 1925; x_wconf 73' lang='lat' dir='ltr'>facilitate</span> <span class='ocrx_word' id='word_1_355' title='bbox 695 1894 729 1925; x_wconf 90' lang='lat'>&amp;</span> <span class='ocrx_word' id='word_1_356' title='bbox 743 1892 942 1938; x_wconf 82' lang='lat' dir='ltr'>Magnarum</span> <span class='ocrx_word' id='word_1_357' title='bbox 960 1890 1163 1937; x_wconf 81' lang='lat' dir='ltr'>praestolatut</span> <span class='ocrx_word' id='word_1_358' title='bbox 1173 1893 1325 1938; x_wconf 89' lang='lat' dir='ltr'>imperia,</span> <span class='ocrx_word' id='word_1_359' title='bbox 1352 1897 1386 1928; x_wconf 88' lang='lat'><strong>&amp;</strong></span> <span class='ocrx_word' id='word_1_360' title='bbox 1399 1893 1517 1939; x_wconf 89' lang='lat' dir='ltr'>populi</span> <span class='ocrx_word' id='word_1_361' title='bbox 1529 1904 1638 1938; x_wconf 83' lang='lat' dir='ltr'>preces</span> <span class='ocrx_word' id='word_1_362' title='bbox 1651 1895 1797 1940; x_wconf 79' lang='lat' dir='ltr'>excipit3</span> <span class='ocrx_word' id='word_1_363' title='bbox 1820 1895 1953 1941; x_wconf 76' lang='lat' dir='ltr'>quaque</span> 
     </span>
    </p>

    <p class='ocr_par' dir='ltr' id='par_1_13' title="bbox 253 1938 1955 1991">
     <span class='ocr_line' id='line_1_32' title="bbox 253 1938 1955 1991; baseline 0.004 -20"><span class='ocrx_word' id='word_1_364' title='bbox 253 1948 355 1972; x_wconf 87' lang='lat' dir='ltr'>manu</span> <span class='ocrx_word' id='word_1_365' title='bbox 365 1940 496 1982; x_wconf 84' lang='lat' dir='ltr'>januam</span> <span class='ocrx_word' id='word_1_366' title='bbox 505 1938 624 1973; x_wconf 79' lang='lat' dir='ltr'>reserat</span> <span class='ocrx_word' id='word_1_367' title='bbox 637 1940 736 1975; x_wconf 90' lang='lat' dir='ltr'>diviti</span> <span class='ocrx_word' id='word_1_368' title='bbox 749 1963 759 1978; x_wconf 90' lang='lat'><em>‚</em></span> <span class='ocrx_word' id='word_1_369' title='bbox 786 1941 902 1974; x_wconf 72' lang='lat' dir='ltr'>eadem</span> <span class='ocrx_word' id='word_1_370' title='bbox 915 1941 1051 1987; x_wconf 82' lang='lat' dir='ltr'>pauperi</span> <span class='ocrx_word' id='word_1_371' title='bbox 1063 1938 1219 1979; x_wconf 76' lang='lat' dir='ltr'>recludit.</span> <span class='ocrx_word' id='word_1_372' title='bbox 1270 1941 1456 1976; x_wconf 80' lang='lat' dir='ltr'>Revererur</span> <span class='ocrx_word' id='word_1_373' title='bbox 1472 1944 1505 1976; x_wconf 68' lang='grc' dir='ltr'>ὅ(</span> <span class='ocrx_word' id='word_1_374' title='bbox 1526 1946 1562 1975; x_wconf 88' lang='lat' dir='ltr'>in</span> <span class='ocrx_word' id='word_1_375' title='bbox 1584 1943 1692 1986; x_wconf 87' lang='lat' dir='ltr'>pretio</span> <span class='ocrx_word' id='word_1_376' title='bbox 1704 1941 1805 1976; x_wconf 81' lang='lat' dir='ltr'>habet</span> <span class='ocrx_word' id='word_1_377' title='bbox 1821 1945 1955 1991; x_wconf 87' lang='lat' dir='ltr'>Regum</span> 
     </span>
    </p>

    <p class='ocr_par' dir='ltr' id='par_1_14' title="bbox 254 1984 1957 2038">
     <span class='ocr_line' id='line_1_33' title="bbox 254 1984 1957 2038; baseline 0.003 -17"><span class='ocrx_word' id='word_1_378' title='bbox 254 1997 455 2033; x_wconf 88' lang='lat' dir='ltr'>purpuram,</span> <span class='ocrx_word' id='word_1_379' title='bbox 480 1984 533 2022; x_wconf 80' lang='lat' dir='ltr'>&#39;sed</span> <span class='ocrx_word' id='word_1_380' title='bbox 550 1991 585 2023; x_wconf 77' lang='grc' dir='ltr'>δε</span> <span class='ocrx_word' id='word_1_381' title='bbox 604 1987 714 2024; x_wconf 79' lang='lat' dir='ltr'>lacero</span> <span class='ocrx_word' id='word_1_382' title='bbox 736 1988 862 2035; x_wconf 87' lang='lat' dir='ltr'>paliolo</span> <span class='ocrx_word' id='word_1_383' title='bbox 883 1990 1044 2024; x_wconf 67' lang='lat' dir='ltr'>amistum</span> <span class='ocrx_word' id='word_1_384' title='bbox 1054 1989 1261 2037; x_wconf 84' lang='lat' dir='ltr'>amplexatur</span> <span class='ocrx_word' id='word_1_385' title='bbox 1275 1990 1445 2029; x_wconf 77' lang='lat' dir='ltr'>clientem.</span> <span class='ocrx_word' id='word_1_386' title='bbox 1496 1989 1592 2025; x_wconf 86' lang='lat' dir='ltr'>Nihil</span> <span class='ocrx_word' id='word_1_387' title='bbox 1604 1991 1719 2025; x_wconf 73' lang='lat' dir='ltr'>enima</span> <span class='ocrx_word' id='word_1_388' title='bbox 1731 1993 1892 2038; x_wconf 82' lang='lat' dir='ltr'>dignitate</span> <span class='ocrx_word' id='word_1_389' title='bbox 1901 1992 1957 2028; x_wconf 83' lang='lat' dir='ltr'>sua</span> 
     </span>
    </p>

    <p class='ocr_par' dir='ltr' id='par_1_15' title="bbox 255 2035 1962 2087">
     <span class='ocr_line' id='line_1_34' title="bbox 255 2035 1962 2087; baseline 0.004 -18"><span class='ocrx_word' id='word_1_390' title='bbox 255 2035 403 2071; x_wconf 86' lang='lat' dir='ltr'>alienum</span> <span class='ocrx_word' id='word_1_391' title='bbox 416 2047 531 2084; x_wconf 82' lang='lat' dir='ltr'>putat,</span> <span class='ocrx_word' id='word_1_392' title='bbox 556 2038 649 2084; x_wconf 87' lang='lat' dir='ltr'>quod</span> <span class='ocrx_word' id='word_1_393' title='bbox 662 2037 850 2086; x_wconf 79' lang='lat' dir='ltr'>benignitas</span> <span class='ocrx_word' id='word_1_394' title='bbox 862 2037 909 2073; x_wconf 91' lang='lat' dir='ltr'>sui</span> <span class='ocrx_word' id='word_1_395' title='bbox 924 2040 1072 2074; x_wconf 85' lang='lat' dir='ltr'>muneris</span> <span class='ocrx_word' id='word_1_396' title='bbox 1084 2042 1257 2087; x_wconf 88' lang='lat' dir='ltr'>proprium</span> <span class='ocrx_word' id='word_1_397' title='bbox 1269 2037 1332 2074; x_wconf 75' lang='lat' dir='ltr'>esse</span> <span class='ocrx_word' id='word_1_398' title='bbox 1350 2041 1452 2076; x_wconf 84' lang='lat' dir='ltr'>ducit.</span> <span class='ocrx_word' id='word_1_399' title='bbox 1505 2041 1637 2074; x_wconf 85' lang='lat' dir='ltr'>Virtute</span> <span class='ocrx_word' id='word_1_400' title='bbox 1661 2041 1835 2075; x_wconf 73' lang='lat' dir='ltr'>aemulatur</span> <span class='ocrx_word' id='word_1_401' title='bbox 1855 2043 1962 2076; x_wconf 72' lang='lat' dir='ltr'>lucci-</span> 
     </span>
    </p>

    <p class='ocr_par' dir='ltr' id='par_1_16' title="bbox 259 2086 1957 2137">
     <span class='ocr_line' id='line_1_35' title="bbox 259 2086 1957 2137; baseline 0.004 -18"><span class='ocrx_word' id='word_1_402' title='bbox 259 2095 369 2124; x_wconf 73' lang='lat' dir='ltr'>numx</span> <span class='ocrx_word' id='word_1_403' title='bbox 394 2087 559 2122; x_wconf 50' lang='lat' dir='ltr'>attrahit</span> <span class='ocrx_word' id='word_1_404' title='bbox 569 2087 622 2122; x_wconf 81' lang='lat' dir='ltr'>hoc</span> <span class='ocrx_word' id='word_1_405' title='bbox 629 2090 750 2135; x_wconf 79' lang='lat' dir='ltr'>paleas,</span> <span class='ocrx_word' id='word_1_406' title='bbox 775 2088 958 2122; x_wconf 76' lang='lat' dir='ltr'>attrahitille</span> <span class='ocrx_word' id='word_1_407' title='bbox 977 2086 1102 2127; x_wconf 82' lang='lat' dir='ltr'>codros‚</span> <span class='ocrx_word' id='word_1_408' title='bbox 1130 2090 1273 2124; x_wconf 68' lang='lat' dir='ltr'>utPoe&#39;ta</span> <span class='ocrx_word' id='word_1_409' title='bbox 1287 2101 1358 2123; x_wconf 89' lang='lat' dir='ltr'>non</span> <span class='ocrx_word' id='word_1_410' title='bbox 1380 2088 1538 2137; x_wconf 85' lang='lat' dir='ltr'>ignobilis</span> <span class='ocrx_word' id='word_1_411' title='bbox 1561 2090 1695 2124; x_wconf 87' lang='lat' dir='ltr'>cecinit.</span> <span class='ocrx_word' id='word_1_412' title='bbox 1742 2089 1957 2137; x_wconf 66' lang='lat' dir='ltr'>lllenamque</span> 
     </span>
    </p>

    <p class='ocr_par' dir='ltr' id='par_1_17' title="bbox 69 2134 1958 2186">
     <span class='ocr_line' id='line_1_36' title="bbox 69 2134 1958 2186; baseline 0.003 -18"><span class='ocrx_word' id='word_1_413' title='bbox 69 2146 237 2186; x_wconf 45' lang='lat' dir='ltr'><em>Smmash·</em></span> <span class='ocrx_word' id='word_1_414' title='bbox 259 2134 335 2169; x_wconf 65' lang='lat' dir='ltr'>vere*-</span> <span class='ocrx_word' id='word_1_415' title='bbox 346 2137 539 2170; x_wconf 67' lang='lat' dir='ltr'>incrementis</span> <span class='ocrx_word' id='word_1_416' title='bbox 544 2138 606 2181; x_wconf 73' lang='lat' dir='ltr'>suis</span> <span class='ocrx_word' id='word_1_417' title='bbox 618 2142 715 2182; x_wconf 76' lang='lat' dir='ltr'>major</span> <span class='ocrx_word' id='word_1_418' title='bbox 729 2138 775 2172; x_wconf 70' lang='grc' dir='ltr'>εὲῗ</span> <span class='ocrx_word' id='word_1_419' title='bbox 785 2163 794 2177; x_wconf 84' lang='grc'><strong>.</strong></span> <span class='ocrx_word' id='word_1_420' title='bbox 814 2140 927 2185; x_wconf 89' lang='lat' dir='ltr'>inquit</span> <span class='ocrx_word' id='word_1_421' title='bbox 940 2138 1179 2183; x_wconf 84' lang='lat' dir='ltr'>Symmachus,</span> <span class='ocrx_word' id='word_1_422' title='bbox 1206 2150 1302 2184; x_wconf 84' lang='lat' dir='ltr'>quem</span> <span class='ocrx_word' id='word_1_423' title='bbox 1309 2138 1483 2184; x_wconf 74' lang='lat' dir='ltr'>sablimitas</span> <span class='ocrx_word' id='word_1_424' title='bbox 1489 2142 1572 2184; x_wconf 80' lang='lat' dir='ltr'>parti</span> <span class='ocrx_word' id='word_1_425' title='bbox 1585 2138 1704 2173; x_wconf 53' lang='lat' dir='ltr'>honor&amp;</span> <span class='ocrx_word' id='word_1_426' title='bbox 1712 2140 1850 2176; x_wconf 79' lang='lat' dir='ltr'>inclinat,</span> <span class='ocrx_word' id='word_1_427' title='bbox 1885 2143 1958 2174; x_wconf 88' lang='lat' dir='ltr'>Im-</span> 
     </span>
    </p>

    <p class='ocr_par' dir='ltr' id='par_1_18' title="bbox 74 2167 1956 2235">
     <span class='ocr_line' id='line_1_37' title="bbox 74 2167 1956 2235; baseline 0.004 -19"><span class='ocrx_word' id='word_1_428' title='bbox 74 2167 104 2201; x_wconf 52' lang='lat' dir='ltr'>,J</span> <span class='ocrx_word' id='word_1_429' title='bbox 260 2196 319 2230; x_wconf 85' lang='lat' dir='ltr'>par</span> <span class='ocrx_word' id='word_1_430' title='bbox 330 2196 371 2218; x_wconf 91' lang='lat' dir='ltr'>eo</span> <span class='ocrx_word' id='word_1_431' title='bbox 382 2183 452 2230; x_wconf 88' lang='lat' dir='ltr'>ipso</span> <span class='ocrx_word' id='word_1_432' title='bbox 462 2186 643 2227; x_wconf 86' lang='lat' dir='ltr'>majoribus</span> <span class='ocrx_word' id='word_1_433' title='bbox 654 2211 664 2228; x_wconf 89' lang='lat'>,</span> <span class='ocrx_word' id='word_1_434' title='bbox 689 2190 749 2235; x_wconf 86' lang='lat' dir='ltr'>qui</span> <span class='ocrx_word' id='word_1_435' title='bbox 763 2187 840 2222; x_wconf 83' lang='lat' dir='ltr'>solis</span> <span class='ocrx_word' id='word_1_436' title='bbox 850 2185 1030 2235; x_wconf 75' lang='lat' dir='ltr'>grandibus</span> <span class='ocrx_word' id='word_1_437' title='bbox 1044 2199 1100 2234; x_wconf 82' lang='lat' dir='ltr'>par</span> <span class='ocrx_word' id='word_1_438' title='bbox 1111 2186 1169 2221; x_wconf 85' lang='lat' dir='ltr'>fibi</span> <span class='ocrx_word' id='word_1_439' title='bbox 1180 2187 1268 2222; x_wconf 79' lang='lat' dir='ltr'>visus</span> <span class='ocrx_word' id='word_1_440' title='bbox 1279 2212 1289 2226; x_wconf 91' lang='lat'><strong>‚</strong></span> <span class='ocrx_word' id='word_1_441' title='bbox 1315 2191 1463 2223; x_wconf 87' lang='lat' dir='ltr'>minores</span> <span class='ocrx_word' id='word_1_442' title='bbox 1472 2187 1620 2231; x_wconf 77' lang='lat' dir='ltr'>despicit.</span> <span class='ocrx_word' id='word_1_443' title='bbox 1672 2188 1869 2224; x_wconf 89' lang='lat' dir='ltr'>Commune</span> <span class='ocrx_word' id='word_1_444' title='bbox 1879 2188 1956 2223; x_wconf 79' lang='lat' dir='ltr'>lub-</span> 
     </span>
    </p>

    <p class='ocr_par' dir='ltr' id='par_1_19' title="bbox 257 2232 1956 2283">
     <span class='ocr_line' id='line_1_38' title="bbox 257 2232 1956 2283; baseline 0.003 -16"><span class='ocrx_word' id='word_1_445' title='bbox 257 2232 383 2280; x_wconf 68' lang='lat' dir='ltr'>jestum</span> <span class='ocrx_word' id='word_1_446' title='bbox 394 2235 461 2280; x_wconf 85' lang='lat' dir='ltr'>agit</span> <span class='ocrx_word' id='word_1_447' title='bbox 471 2232 626 2270; x_wconf 89' lang='lat' dir='ltr'>Politicus</span> <span class='ocrx_word' id='word_1_448' title='bbox 637 2258 648 2274; x_wconf 91' lang='lat'>‚</span> <span class='ocrx_word' id='word_1_449' title='bbox 672 2238 706 2270; x_wconf 89' lang='lat' dir='ltr'>in</span> <span class='ocrx_word' id='word_1_450' title='bbox 720 2249 791 2283; x_wconf 91' lang='lat' dir='ltr'>quo</span> <span class='ocrx_word' id='word_1_451' title='bbox 803 2235 926 2271; x_wconf 85' lang='lat' dir='ltr'>nobilis</span> <span class='ocrx_word' id='word_1_452' title='bbox 938 2236 1031 2282; x_wconf 73' lang='lat' dir='ltr'>aeque</span> <span class='ocrx_word' id='word_1_453' title='bbox 1042 2247 1077 2270; x_wconf 80' lang='lat' dir='ltr'>ac</span> <span class='ocrx_word' id='word_1_454' title='bbox 1090 2236 1248 2283; x_wconf 87' lang='lat' dir='ltr'>ignobilis</span> <span class='ocrx_word' id='word_1_455' title='bbox 1257 2235 1366 2272; x_wconf 82' lang='lat' dir='ltr'>forma</span> <span class='ocrx_word' id='word_1_456' title='bbox 1379 2238 1471 2272; x_wconf 78' lang='lat' dir='ltr'>{uum</span> <span class='ocrx_word' id='word_1_457' title='bbox 1486 2237 1519 2271; x_wconf 83' lang='lat' dir='ltr'>lu</span> <span class='ocrx_word' id='word_1_458' title='bbox 1526 2238 1728 2271; x_wconf 84' lang='lat' dir='ltr'>stentationis</span> <span class='ocrx_word' id='word_1_459' title='bbox 1739 2236 1884 2273; x_wconf 87' lang='lat' dir='ltr'>fulcrum</span> <span class='ocrx_word' id='word_1_460' title='bbox 1895 2239 1956 2272; x_wconf 85' lang='lat' dir='ltr'>ha·</span> 
     </span>
    </p>

    <p class='ocr_par' dir='ltr' id='par_1_20' title="bbox 258 2282 1954 2333">
     <span class='ocr_line' id='line_1_39' title="bbox 258 2282 1954 2333; baseline 0.004 -16"><span class='ocrx_word' id='word_1_461' title='bbox 258 2282 491 2329; x_wconf 81' lang='lat' dir='ltr'>bereoportet.</span> <span class='ocrx_word' id='word_1_462' title='bbox 541 2285 722 2330; x_wconf 83' lang='lat' dir='ltr'>Gregorius</span> <span class='ocrx_word' id='word_1_463' title='bbox 745 2284 900 2320; x_wconf 85' lang='lat' dir='ltr'>Pontifex</span> <span class='ocrx_word' id='word_1_464' title='bbox 920 2295 1146 2333; x_wconf 87' lang='lat' dir='ltr'>cognomento</span> <span class='ocrx_word' id='word_1_465' title='bbox 1166 2288 1311 2333; x_wconf 86' lang='lat' dir='ltr'>Magnus</span> <span class='ocrx_word' id='word_1_466' title='bbox 1324 2309 1334 2324; x_wconf 87' lang='lat'>‚</span> <span class='ocrx_word' id='word_1_467' title='bbox 1359 2298 1397 2322; x_wconf 90' lang='lat' dir='ltr'>ut</span> <span class='ocrx_word' id='word_1_468' title='bbox 1410 2286 1593 2333; x_wconf 77' lang='lat' dir='ltr'>superbiam</span> <span class='ocrx_word' id='word_1_469' title='bbox 1614 2287 1804 2322; x_wconf 86' lang='lat' dir='ltr'>retunderet</span> <span class='ocrx_word' id='word_1_470' title='bbox 1817 2289 1954 2330; x_wconf 76' lang='lat' dir='ltr'>Ioannis</span> 
     </span>
    </p>

    <p class='ocr_par' dir='ltr' id='par_1_21' title="bbox 254 2331 1955 2383">
     <span class='ocr_line' id='line_1_40' title="bbox 254 2331 1955 2383; baseline 0.004 -18"><span class='ocrx_word' id='word_1_471' title='bbox 254 2331 452 2366; x_wconf 80' lang='lat' dir='ltr'>Patriarchae</span> <span class='ocrx_word' id='word_1_472' title='bbox 468 2332 838 2381; x_wconf 86' lang='lat' dir='ltr'>Constantinopolitani</span> <span class='ocrx_word' id='word_1_473' title='bbox 854 2359 862 2375; x_wconf 81' lang='lat'>,</span> <span class='ocrx_word' id='word_1_474' title='bbox 887 2336 948 2382; x_wconf 82' lang='lat' dir='ltr'>qui</span> <span class='ocrx_word' id='word_1_475' title='bbox 974 2332 1189 2369; x_wconf 72' lang='lat' dir='ltr'>universalem</span> <span class='ocrx_word' id='word_1_476' title='bbox 1211 2334 1242 2369; x_wconf 85' lang='lat' dir='ltr'>se</span> <span class='ocrx_word' id='word_1_477' title='bbox 1264 2333 1460 2383; x_wconf 82' lang='lat' dir='ltr'>Episcopum</span> <span class='ocrx_word' id='word_1_478' title='bbox 1475 2334 1654 2370; x_wconf 86' lang='lat' dir='ltr'>inscribere</span> <span class='ocrx_word' id='word_1_479' title='bbox 1672 2335 1792 2376; x_wconf 85' lang='lat' dir='ltr'>ausus,</span> <span class='ocrx_word' id='word_1_480' title='bbox 1826 2341 1955 2383; x_wconf 88' lang='lat' dir='ltr'>primus</span> 
     </span>
    </p>

    <p class='ocr_par' dir='ltr' id='par_1_22' title="bbox 254 2381 1956 2432">
     <span class='ocr_line' id='line_1_41' title="bbox 254 2381 1956 2432; baseline 0.004 -17"><span class='ocrx_word' id='word_1_481' title='bbox 254 2385 370 2416; x_wconf 84' lang='lat' dir='ltr'>Servus</span> <span class='ocrx_word' id='word_1_482' title='bbox 381 2382 542 2424; x_wconf 79' lang='lat' dir='ltr'>servorum</span> <span class='ocrx_word' id='word_1_483' title='bbox 555 2381 902 2431; x_wconf 78' lang='lat' dir='ltr'>DEIseseappellavit.</span> <span class='ocrx_word' id='word_1_484' title='bbox 956 2383 1078 2419; x_wconf 76' lang='lat' dir='ltr'>Merito</span> <span class='ocrx_word' id='word_1_485' title='bbox 1086 2384 1195 2420; x_wconf 72' lang='lat' dir='ltr'>dietus</span> <span class='ocrx_word' id='word_1_486' title='bbox 1206 2386 1347 2432; x_wconf 80' lang='lat' dir='ltr'>Magnus</span> <span class='ocrx_word' id='word_1_487' title='bbox 1358 2386 1561 2420; x_wconf 83' lang='lat' dir='ltr'>cred-entium</span> <span class='ocrx_word' id='word_1_488' title='bbox 1575 2387 1669 2419; x_wconf 89' lang='lat' dir='ltr'>Pater</span> <span class='ocrx_word' id='word_1_489' title='bbox 1681 2409 1691 2425; x_wconf 93' lang='lat'>‚</span> <span class='ocrx_word' id='word_1_490' title='bbox 1716 2386 1798 2421; x_wconf 87' lang='lat' dir='ltr'>dum</span> <span class='ocrx_word' id='word_1_491' title='bbox 1814 2386 1844 2420; x_wconf 83' lang='lat' dir='ltr'>{e</span> <span class='ocrx_word' id='word_1_492' title='bbox 1860 2387 1900 2420; x_wconf 84' lang='lat' dir='ltr'>ad</span> <span class='ocrx_word' id='word_1_493' title='bbox 1913 2399 1956 2421; x_wconf 91' lang='grc' dir='ltr'>ο-</span> 
     </span>
    </p>

    <p class='ocr_par' dir='ltr' id='par_1_23' title="bbox 255 2425 1952 2481">
     <span class='ocr_line' id='line_1_42' title="bbox 255 2425 1952 2481; baseline 0.003 -16"><span class='ocrx_word' id='word_1_494' title='bbox 255 2432 386 2465; x_wconf 83' lang='lat' dir='ltr'>mnium</span> <span class='ocrx_word' id='word_1_495' title='bbox 395 2425 553 2478; x_wconf 82' lang='lat' dir='ltr'>obsequia</span> <span class='ocrx_word' id='word_1_496' title='bbox 565 2431 694 2467; x_wconf 71' lang='lat' dir='ltr'>demisit</span> <span class='ocrx_word' id='word_1_497' title='bbox 704 2434 835 2471; x_wconf 85' lang='lat' dir='ltr'>Servus.</span> <span class='ocrx_word' id='word_1_498' title='bbox 887 2431 1027 2468; x_wconf 88' lang='lat' dir='ltr'>Nullam</span> <span class='ocrx_word' id='word_1_499' title='bbox 1046 2445 1166 2480; x_wconf 87' lang='lat' dir='ltr'>nempe</span> <span class='ocrx_word' id='word_1_500' title='bbox 1183 2433 1398 2481; x_wconf 85' lang='lat' dir='ltr'>personarum</span> <span class='ocrx_word' id='word_1_501' title='bbox 1415 2434 1605 2469; x_wconf 84' lang='lat' dir='ltr'>distantiam</span> <span class='ocrx_word' id='word_1_502' title='bbox 1616 2432 1855 2472; x_wconf 81' lang='lat' dir='ltr'>benevolentiae</span> <span class='ocrx_word' id='word_1_503' title='bbox 1869 2447 1952 2470; x_wconf 89' lang='lat' dir='ltr'>ocu-</span> 
     </span>
    </p>

    <p class='ocr_par' dir='ltr' id='par_1_24' title="bbox 255 2478 1952 2578">
     <span class='ocr_line' id='line_1_43' title="bbox 255 2478 1952 2531; baseline 0.004 -17"><span class='ocrx_word' id='word_1_504' title='bbox 255 2478 310 2515; x_wconf 90' lang='lat' dir='ltr'>lus</span> <span class='ocrx_word' id='word_1_505' title='bbox 320 2478 505 2514; x_wconf 72' lang='lat' dir='ltr'>considerat</span> <span class='ocrx_word' id='word_1_506' title='bbox 520 2507 533 2524; x_wconf 85' lang='lat'><strong>,</strong></span> <span class='ocrx_word' id='word_1_507' title='bbox 558 2482 618 2528; x_wconf 91' lang='lat' dir='ltr'>qui</span> <span class='ocrx_word' id='word_1_508' title='bbox 633 2483 667 2515; x_wconf 89' lang='lat' dir='ltr'>in</span> <span class='ocrx_word' id='word_1_509' title='bbox 685 2482 884 2531; x_wconf 69' lang='lat' dir='ltr'>unaquaque</span> <span class='ocrx_word' id='word_1_510' title='bbox 900 2483 1041 2530; x_wconf 83' lang='lat' dir='ltr'>dignum</span> <span class='ocrx_word' id='word_1_511' title='bbox 1061 2484 1195 2519; x_wconf 83' lang='lat' dir='ltr'>virtutis</span> <span class='ocrx_word' id='word_1_512' title='bbox 1211 2484 1396 2519; x_wconf 64' lang='lat' dir='ltr'>exercendae</span> <span class='ocrx_word' id='word_1_513' title='bbox 1407 2486 1534 2531; x_wconf 79' lang='lat' dir='ltr'>reperit</span> <span class='ocrx_word' id='word_1_514' title='bbox 1545 2482 1725 2531; x_wconf 66' lang='lat' dir='ltr'>objcerum„</span> <span class='ocrx_word' id='word_1_515' title='bbox 1769 2485 1856 2521; x_wconf 67' lang='lat' dir='ltr'>Bene</span> <span class='ocrx_word' id='word_1_516' title='bbox 1866 2486 1952 2521; x_wconf 79' lang='lat' dir='ltr'>Tn-</span> 
     </span>
     <span class='ocr_line' id='line_1_44' title="bbox 256 2527 680 2578; baseline 0.005 -14"><span class='ocrx_word' id='word_1_517' title='bbox 256 2527 517 2578; x_wconf 80' lang='lat' dir='ltr'>goediogtaphus</span> <span class='ocrx_word' id='word_1_518' title='bbox 527 2531 657 2566; x_wconf 86' lang='lat' dir='ltr'>Graecus</span> <span class='ocrx_word' id='word_1_519' title='bbox 670 2539 680 2570; x_wconf 66' lang='lat' dir='ltr'>t</span> 
     </span>
    </p>
   </div>
   <div class='ocr_carea' id='block_1_6' title="bbox 66 2616 1145 2818">
    <p class='ocr_par' dir='ltr' id='par_1_25' title="bbox 66 2616 1145 2818">
     <span class='ocr_line' id='line_1_45' title="bbox 66 2616 1145 2679; baseline 0.003 -19"><span class='ocrx_word' id='word_1_520' title='bbox 66 2616 225 2669; x_wconf 54' lang='lat' dir='ltr'>Sophvclsso</span> <span class='ocrx_word' id='word_1_521' title='bbox 492 2625 674 2678; x_wconf 59' lang='lat' dir='ltr'>&amp;stagnus</span> <span class='ocrx_word' id='word_1_522' title='bbox 689 2623 825 2679; x_wconf 84' lang='lat' dir='ltr'>parvis</span> <span class='ocrx_word' id='word_1_523' title='bbox 835 2619 926 2678; x_wconf 58' lang='lat' dir='ltr'>step&amp;</span> <span class='ocrx_word' id='word_1_524' title='bbox 945 2624 1145 2679; x_wconf 69' lang='lat' dir='ltr'>jungitur,v</span> 
     </span>
     <span class='ocr_line' id='line_1_46' title="bbox 496 2690 1106 2749; baseline 0.005 -18"><span class='ocrx_word' id='word_1_525' title='bbox 496 2690 590 2748; x_wconf 60' lang='lat' dir='ltr'>Saep&amp;</span> <span class='ocrx_word' id='word_1_526' title='bbox 613 2691 634 2732; x_wconf 72' lang='lat' dir='ltr'>ci</span> <span class='ocrx_word' id='word_1_527' title='bbox 651 2696 786 2749; x_wconf 85' lang='lat' dir='ltr'>parvis</span> <span class='ocrx_word' id='word_1_528' title='bbox 812 2707 1027 2749; x_wconf 67' lang='lat' dir='ltr'>rengnorum</span> <span class='ocrx_word' id='word_1_529' title='bbox 1046 2707 1106 2734; x_wconf 75' lang='lat' dir='ltr'>res</span> 
     </span>
     <span class='ocr_line' id='line_1_47' title="bbox 488 2766 748 2818; baseline 0.004 -14"><span class='ocrx_word' id='word_1_530' title='bbox 488 2766 748 2818; x_wconf 74' lang='lat' dir='ltr'>confirmatur.</span> 
     </span>
    </p>
   </div>
   <div class='ocr_carea' id='block_1_7' title="bbox 66 2862 1944 3163">
    <p class='ocr_par' dir='ltr' id='par_1_26' title="bbox 379 2862 1941 2915">
     <span class='ocr_line' id='line_1_48' title="bbox 379 2862 1941 2915; baseline 0.008 -19"><span class='ocrx_word' id='word_1_531' title='bbox 379 2862 495 2897; x_wconf 85' lang='lat' dir='ltr'>Nemo</span> <span class='ocrx_word' id='word_1_532' title='bbox 530 2871 598 2896; x_wconf 87' lang='lat' dir='ltr'>tam</span> <span class='ocrx_word' id='word_1_533' title='bbox 635 2863 682 2897; x_wconf 87' lang='lat' dir='ltr'>est</span> <span class='ocrx_word' id='word_1_534' title='bbox 716 2864 876 2912; x_wconf 66' lang='lat' dir='ltr'>exiguu&#39;S,</span> <span class='ocrx_word' id='word_1_535' title='bbox 897 2873 936 2898; x_wconf 79' lang='lat' dir='ltr'>ur</span> <span class='ocrx_word' id='word_1_536' title='bbox 961 2863 1000 2898; x_wconf 85' lang='lat' dir='ltr'>ad</span> <span class='ocrx_word' id='word_1_537' title='bbox 1016 2871 1138 2913; x_wconf 74' lang='lat' dir='ltr'>magna</span> <span class='ocrx_word' id='word_1_538' title='bbox 1157 2876 1227 2902; x_wconf 81' lang='lat' dir='ltr'>non</span> <span class='ocrx_word' id='word_1_539' title='bbox 1247 2864 1376 2906; x_wconf 74' lang='lat' dir='ltr'>serviat,</span> <span class='ocrx_word' id='word_1_540' title='bbox 1402 2865 1524 2903; x_wconf 54' lang='lat' dir='ltr'>fama-m</span> <span class='ocrx_word' id='word_1_541' title='bbox 1538 2867 1737 2905; x_wconf 64' lang='lat' dir='ltr'>&amp;affeerum</span> <span class='ocrx_word' id='word_1_542' title='bbox 1755 2863 1941 2915; x_wconf 75' lang='lat' dir='ltr'>publicum·</span> 
     </span>
    </p>

    <p class='ocr_par' dir='ltr' id='par_1_27' title="bbox 66 2893 1944 3059">
     <span class='ocr_line' id='line_1_49' title="bbox 66 2893 1943 2964; baseline 0.006 -23"><span class='ocrx_word' id='word_1_543' title='bbox 66 2893 169 2939; x_wconf 61' lang='grc' dir='ltr'>ἶιῧοάθ</span> <span class='ocrx_word' id='word_1_544' title='bbox 182 2894 243 2942; x_wconf 63' lang='lat' dir='ltr'>&#39;Re‘</span> <span class='ocrx_word' id='word_1_545' title='bbox 259 2908 358 2946; x_wconf 80' lang='lat' dir='ltr'>Nihil</span> <span class='ocrx_word' id='word_1_546' title='bbox 384 2913 474 2945; x_wconf 87' lang='lat' dir='ltr'>enirn</span> <span class='ocrx_word' id='word_1_547' title='bbox 496 2912 672 2957; x_wconf 69' lang='lat' dir='ltr'>jucundius</span> <span class='ocrx_word' id='word_1_548' title='bbox 691 2914 765 2952; x_wconf 85' lang='lat' dir='ltr'>his,</span> <span class='ocrx_word' id='word_1_549' title='bbox 800 2916 859 2959; x_wconf 87' lang='lat' dir='ltr'>qui</span> <span class='ocrx_word' id='word_1_550' title='bbox 877 2924 1060 2960; x_wconf 86' lang='lat' dir='ltr'>reguntur,</span> <span class='ocrx_word' id='word_1_551' title='bbox 1085 2915 1148 2950; x_wconf 83' lang='lat' dir='ltr'>effe</span> <span class='ocrx_word' id='word_1_552' title='bbox 1173 2916 1279 2964; x_wconf 87' lang='lat' dir='ltr'>potest</span> <span class='ocrx_word' id='word_1_553' title='bbox 1299 2940 1310 2955; x_wconf 89' lang='lat'>,</span> <span class='ocrx_word' id='word_1_554' title='bbox 1334 2915 1356 2950; x_wconf 86' lang='lat' dir='ltr'>fi</span> <span class='ocrx_word' id='word_1_555' title='bbox 1379 2918 1550 2953; x_wconf 86' lang='lat' dir='ltr'>Francisco</span> <span class='ocrx_word' id='word_1_556' title='bbox 1586 2921 1722 2954; x_wconf 85' lang='lat' dir='ltr'>Partitio</span> <span class='ocrx_word' id='word_1_557' title='bbox 1741 2919 1913 2953; x_wconf 86' lang='lat' dir='ltr'>credamus</span> <span class='ocrx_word' id='word_1_558' title='bbox 1929 2942 1943 2958; x_wconf 87' lang='lat'><strong>,</strong></span> 
     </span>
     <span class='ocr_line' id='line_1_50' title="bbox 109 2957 1944 3014; baseline 0.005 -21"><span class='ocrx_word' id='word_1_559' title='bbox 109 2957 183 2995; x_wconf 66' lang='lat'><em>8²¹⁰·</em></span> <span class='ocrx_word' id='word_1_560' title='bbox 260 2959 362 3007; x_wconf 72' lang='lat' dir='ltr'>quam</span> <span class='ocrx_word' id='word_1_561' title='bbox 406 2959 484 2994; x_wconf 66' lang='lat' dir='ltr'>cum</span> <span class='ocrx_word' id='word_1_562' title='bbox 524 2961 719 3009; x_wconf 81' lang='lat' dir='ltr'>intelligunt</span> <span class='ocrx_word' id='word_1_563' title='bbox 751 2985 762 3001; x_wconf 86' lang='lat'>.</span> <span class='ocrx_word' id='word_1_564' title='bbox 809 2973 901 2997; x_wconf 86' lang='lat' dir='ltr'>aures</span> <span class='ocrx_word' id='word_1_565' title='bbox 932 2961 1051 3003; x_wconf 90' lang='lat' dir='ltr'>illius,</span> <span class='ocrx_word' id='word_1_566' title='bbox 1098 2967 1158 3012; x_wconf 87' lang='lat' dir='ltr'>qui</span> <span class='ocrx_word' id='word_1_567' title='bbox 1189 2976 1306 3014; x_wconf 85' lang='lat' dir='ltr'>regnat</span> <span class='ocrx_word' id='word_1_568' title='bbox 1327 2989 1337 3005; x_wconf 94' lang='lat'><strong><em>,</em></strong></span> <span class='ocrx_word' id='word_1_569' title='bbox 1375 2976 1485 3013; x_wconf 88' lang='lat' dir='ltr'>patere</span> <span class='ocrx_word' id='word_1_570' title='bbox 1517 2981 1590 3003; x_wconf 86' lang='lat' dir='ltr'>non</span> <span class='ocrx_word' id='word_1_571' title='bbox 1625 2968 1730 3004; x_wconf 67' lang='lat' dir='ltr'>solum</span> <span class='ocrx_word' id='word_1_572' title='bbox 1754 2968 1944 3013; x_wconf 82' lang='lat' dir='ltr'>optimati-</span> 
     </span>
     <span class='ocr_line' id='line_1_51' title="bbox 259 3008 1943 3059; baseline 0.004 -16"><span class='ocrx_word' id='word_1_573' title='bbox 259 3008 323 3044; x_wconf 87' lang='lat' dir='ltr'>bus</span> <span class='ocrx_word' id='word_1_574' title='bbox 351 3030 362 3047; x_wconf 84' lang='lat'>,</span> <span class='ocrx_word' id='word_1_575' title='bbox 400 3008 453 3042; x_wconf 83' lang='lat' dir='ltr'>sed</span> <span class='ocrx_word' id='word_1_576' title='bbox 480 3012 515 3043; x_wconf 75' lang='grc' dir='ltr'>δε</span> <span class='ocrx_word' id='word_1_577' title='bbox 542 3009 718 3056; x_wconf 84' lang='lat' dir='ltr'>plebeculae</span> <span class='ocrx_word' id='word_1_578' title='bbox 743 3035 755 3053; x_wconf 83' lang='lat'>‚</span> <span class='ocrx_word' id='word_1_579' title='bbox 787 3023 845 3046; x_wconf 89' lang='lat' dir='ltr'>nec</span> <span class='ocrx_word' id='word_1_580' title='bbox 869 3010 969 3046; x_wconf 88' lang='lat' dir='ltr'>ullius</span> <span class='ocrx_word' id='word_1_581' title='bbox 994 3013 1138 3059; x_wconf 84' lang='lat' dir='ltr'>querelis</span> <span class='ocrx_word' id='word_1_582' title='bbox 1163 3013 1285 3050; x_wconf 78' lang='lat' dir='ltr'>clausas</span> <span class='ocrx_word' id='word_1_583' title='bbox 1310 3012 1385 3053; x_wconf 73' lang='lat' dir='ltr'>esse.</span> <span class='ocrx_word' id='word_1_584' title='bbox 1470 3017 1696 3052; x_wconf 81' lang='lat' dir='ltr'>Incusantibus</span> <span class='ocrx_word' id='word_1_585' title='bbox 1720 3019 1832 3051; x_wconf 84' lang='lat' dir='ltr'>amicis</span> <span class='ocrx_word' id='word_1_586' title='bbox 1856 3017 1943 3050; x_wconf 78' lang='lat' dir='ltr'>Tra-</span> 
     </span>
    </p>

    <p class='ocr_par' dir='ltr' id='par_1_28' title="bbox 255 3059 1944 3115">
     <span class='ocr_line' id='line_1_52' title="bbox 255 3059 1944 3115; baseline 0.004 -22"><span class='ocrx_word' id='word_1_587' title='bbox 255 3059 375 3107; x_wconf 49' lang='lat' dir='ltr'>ianum</span> <span class='ocrx_word' id='word_1_588' title='bbox 421 3059 658 3108; x_wconf 71' lang='lat' dir='ltr'>Imperatorem</span> <span class='ocrx_word' id='word_1_589' title='bbox 684 3084 696 3105; x_wconf 80' lang='lat'>,</span> <span class='ocrx_word' id='word_1_590' title='bbox 744 3060 837 3108; x_wconf 75' lang='lat' dir='ltr'>quod</span> <span class='ocrx_word' id='word_1_591' title='bbox 864 3059 980 3109; x_wconf 60' lang='lat' dir='ltr'>partim</span> <span class='ocrx_word' id='word_1_592' title='bbox 1005 3074 1135 3110; x_wconf 73' lang='lat' dir='ltr'>memor</span> <span class='ocrx_word' id='word_1_593' title='bbox 1165 3066 1389 3114; x_wconf 57' lang='lat' dir='ltr'>Imperatoriae</span> <span class='ocrx_word' id='word_1_594' title='bbox 1417 3065 1594 3115; x_wconf 71' lang='lat' dir='ltr'>Maiestatis</span> <span class='ocrx_word' id='word_1_595' title='bbox 1617 3067 1760 3114; x_wconf 68' lang='lat' dir='ltr'>nimium</span> <span class='ocrx_word' id='word_1_596' title='bbox 1785 3064 1944 3100; x_wconf 77' lang='lat' dir='ltr'>omnibus</span> 
     </span>
    </p>

    <p class='ocr_par' dir='ltr' id='par_1_29' title="bbox 1834 3126 1941 3163">
     <span class='ocr_line' id='line_1_53' title="bbox 1834 3126 1941 3163; baseline -0.009 -1"><span class='ocrx_word' id='word_1_597' title='bbox 1834 3126 1941 3163; x_wconf 59' lang='lat' dir='ltr'>expo:</span> 
     </span>
    </p>
   </div>
   <div class='ocr_carea' id='block_1_8' title="bbox 2036 1274 2060 3444">
    <p class='ocr_par' dir='ltr' id='par_1_30' title="bbox 2036 1274 2060 3444">
     <span class='ocr_line' id='line_1_54' title="bbox 2036 1274 2060 3444; baseline 0 0"><span class='ocrx_word' id='word_1_598' title='bbox 2036 1274 2060 3444; x_wconf 95' lang='lat' dir='ltr'> </span> 
     </span>
    </p>
   </div>
  </div>
 </body>
</html>
