2060 3444
685 138 1043 213 Philosophico
1057 177 1073 183 -
1088 142 1305 195 Politice.
1766 155 1836 214 93

166 219 268 256 tanda
279 223 312 255 δε
324 218 464 266 (patrica.
516 227 615 259 Ratio
627 226 721 266 vero,
745 238 801 260 cur
811 226 964 274 obliquos
973 230 1005 261 &
1016 239 1083 261 non
1095 228 1237 262 directos
1247 230 1355 264 videat
1370 252 1380 268 ,
1397 228 1443 263 est
1452 252 1461 268 ‚
1488 231 1565 276 quia
1575 228 1773 264 direaorum
1786 243 1839 265 ra-

167 271 301 304 diorum
316 270 434 315 species
447 274 549 307 nimia
564 274 635 307 luce
647 276 831 311 imminutae
845 281 877 311 ὅ(
891 276 1043 320 diffipatae
1054 280 1215 317 veniunt,
1236 290 1311 311 nam
1327 291 1360 312 ut
1375 281 1420 312 ait
1431 280 1467 315 P.
1480 278 1683 324 Aquilonius
1699 279 1721 314 l.
1740 292 1769 314 ι,
1788 281 1841 314 Ο-

166 321 287 373 pricor.
303 324 433 366 propol,
446 335 504 363 42,
529 325 604 356 Ideo
616 323 708 357 color
718 328 864 371 corporis
873 325 1054 358 admodum
1067 326 1265 361 coruscantis
1274 327 1382 361 minus
1393 327 1580 374 speohtbilis
1592 327 1637 360 est
1649 328 1771 372 „quam
1785 341 1844 362 cu·

166 377 220 415 jus
234 367 293 402 lux
308 372 417 404 minor
426 371 487 416 est,
514 384 588 405 nam
599 371 710 418 fulgor
720 374 833 408 oculos
845 374 1065 421 perstringens
1078 374 1223 409 colorem
1236 375 1347 410 obruit
1360 400 1369 414 ‚
1398 377 1467 422 quo
1479 377 1593 410 minus
1612 375 1716 409 visum
1738 375 1845 412 feriat.

262 419 353 451 Hinc
368 421 559 467 deducitur,
585 427 710 455 caulam
724 450 736 469 ‚
762 435 818 457 cur
829 425 885 457 iris
898 421 934 456 fit
944 424 1086 456 rotunda
1096 451 1106 461 .
1129 436 1196 458 non
1205 424 1289 458 bene
1299 438 1338 458 ex
1350 438 1389 458 eo
1401 425 1662 472 capiteassignari
1676 448 1683 462 .
1709 427 1787 471 quia
1798 425 1846 459 est

164 466 282 512 imago
292 468 377 501 Solis
387 469 426 501 ab
436 469 504 514 ipio
517 469 590 503 Sole
604 474 750 505 rotundo
762 475 795 506 in
806 471 892 506 nube
902 472 1031 518 depicta
1042 495 1052 511 ‚
1074 472 1144 507 talis
1155 474 1199 508 est
1212 496 1222 513 ,
1239 475 1386 519 quialris
1399 486 1495 508 etiam
1516 486 1593 508 tunc
1615 473 1768 520 sphaerica
1788 486 1849 520 ap-

165 525 279 560 paret,
297 518 376 550 dum
388 518 441 550 Sol
450 517 580 564 cclyfirn
593 523 734 565 patitur,
759 525 793 555 &
809 520 944 554 minime
957 520 1125 555 circularis
1138 523 1194 557 est.
1246 524 1375 556 Deinde
1387 527 1476 565 juxta
1490 522 1700 569 probabilem
1717 524 1847 556 lenten-

157 566 246 597 ‘tiam
258 563 428 599 torsuntin
441 569 524 601 iride
535 568 617 602 Solis
631 566 757 615 specula
769 593 779 608 ‚
807 582 888 616 quot
898 568 972 603 [unt
983 581 1084 616 guttae
1095 573 1128 603 in
1143 570 1230 605 nube
1240 594 1250 610 ,
1270 583 1350 617 ergo
1362 584 1429 605 non
1449 576 1628 620 requiritur
1643 584 1683 605 ex
1693 573 1844 605 rotundi-

163 613 334 647 1³1enubi⁵
345 637 355 651 ι
381 618 464 648 ratio
472 617 517 650 est
530 640 539 655 ‚
559 621 637 663 quia
651 621 794 664 impetus
809 631 984 652 ventorum
995 622 1027 652 δέ
1039 618 1212 653 flustuatio
1221 623 1303 653 aeris
1314 633 1346 653 in
1359 620 1503 655 nubibus
1512 620 1670 654 diversam
1685 620 1847 656 continu&

166 660 376 696 fituarionem
390 668 423 698 &
436 664 572 711 figuram
585 666 734 701 edit-tunt
745 692 753 706 .
773 668 896 713 semper
910 680 1018 701 tamen
1032 680 1244 714 permanente
1258 671 1348 703 iridis
1357 670 1562 703 rotunditate
1573 674 1605 703 in
1619 669 1693 707 illis.

261 713 395 753 Quaeres
408 714 568 753 secundo:
596 718 665 749 Car
678 716 1151 762 lrisappareatsemicircularis
1171 723 1205 753 &
1225 730 1294 751 non
1313 717 1480 763 perfetstus
1498 718 1665 753 circulus?
1693 717 1848 765 Respon-

166 760 247 798 deo:
274 763 379 795 varias
393 763 487 805 hujus
500 767 545 798 rei
559 765 666 799 causas
679 766 826 810 allignari
837 768 877 798 ab
888 767 1027 810 OpticiS.
1081 768 1113 799 Pi
1124 768 1212 805 imo,
1227 766 1466 813 quialolumcx
1478 779 1566 813 parte
1580 768 1652 800 coeli
1668 771 1761 801 datur
1775 780 1851 801 cor-

169 809 332 856 pusnubis
348 812 549 858 diaphanum
567 838 576 852 ,
595 818 628 848 in
647 828 714 860 quo
728 815 844 848 lolates
855 816 934 848 radii
945 813 1165 861 obliquantur
1177 838 1186 852 ‚
1211 819 1244 850 δέ
1255 829 1323 849 non
1336 829 1375 850 ex
1392 828 1481 861 parte
1495 827 1601 853 tetrae,
1628 829 1707 862 ergo
1722 816 1796 851 cum
1806 828 1848 850 ex

167 859 227 893 ista
238 871 327 906 parte
339 859 470 896 deficiat
481 864 808 909 legmentuxncirculi
819 887 827 901 ‚
855 863 1022 897 sivearcus
1034 886 1043 900 ,
1063 865 1139 896 ideo
1155 864 1207 896 hic
1218 877 1286 897 non
1300 868 1344 898 est
1358 864 1524 911 perfeetus
1536 888 1545 902 ,
1564 864 1614 898 sed
1626 877 1736 899 tamen
1752 865 1849 906 serni·-¹

169 905 329 957 circu‘lus3
359 909 594 957 ficc'quevocums
603 916 720 947 videns
732 916 765 946 in
777 913 900 947 circulo
910 913 1018 946 radios
1030 911 1222 958 obliquatos
1234 925 1442 958 penetrantes
1454 913 1577 948 nubem
1592 938 1601 953 ‚
1625 915 1699 948 cum
1715 914 1781 950 haec
1791 926 1851 962 ap·

170 969 316 1003 parentia
330 961 497 995 circularis
508 961 636 996 fistatin
649 961 737 996 nube
750 986 758 1001 ‚
781 973 852 996 'non
871 963 956 995 enim
971 961 1076 1008 potest
1091 964 1277 995 continuari
1289 974 1363 996 cum
1379 974 1462 996 terta
1477 987 1487 1000 ‚
1508 975 1580 1008 quae
1603 965 1651 996 dia
1660 966 1767 1010 phana
1781 976 1851 998 non

146 1035 148 1045 t
167 1005 225 1044 est»
239 1010 279 1042 ¹&
288 1009 528 1055 consequenter
542 1011 683 1045 'minime
695 1011 940 1045 accommodata
951 1012 990 1043 ad
1006 1013 1269 1055 penetrationem
1292 1014 1460 1045 radiorum
1474 1011 1580 1045 tolum
1596 1014 1684 1046 videt
1705 1012 1850 1046 semicir-

165 1053 294 1093 tulum,
341 1058 496 1093 Secundo
506 1084 515 1097 ‚
541 1063 620 1107 quia
632 1061 744 1095 radius
759 1060 897 1094 reflexus
913 1059 1200 1106 a'ngulosaequales
1213 1059 1397 1094 habetcum
1409 1061 1505 1094 radiis
1517 1064 1627 1106 primae
1641 1062 1825 1096 incidentiae
1838 1073 1854 1102 ‚-

169 1103 234 1139 hoc
243 1117 351 1140 autern
367 1119 435 1142 non
448 1108 562 1148 fieret,
583 1109 605 1143 fi
620 1120 790 1156 appareret
804 1113 931 1155 integer
942 1108 1105 1152 circulus3
1131 1111 1209 1154 quia
1226 1111 1343 1143 iridem
1369 1122 1437 1143 non
1450 1111 1603 1144 videmus
1621 1109 1678 1144 nisi
1694 1114 1727 1143 in
1739 1122 1779 1143 eo
1792 1121 1848 1144 va-

145 1168 150 1174 ·
170 1165 250 1200 pore
261 1178 272 1194 ,
291 1158 376 1190 unde
390 1158 494 1203 potest
504 1162 664 1205 repercuti
676 1157 860 1192 adoculum
879 1159 1053 1204 primarius
1065 1157 1149 1191 Solis
1159 1158 1287 1205 radius;
1313 1158 1369 1191 ille
1379 1169 1488 1193 autem
1501 1172 1601 1205 vapor
1615 1158 1709 1192 debet
1723 1160 1850 1204 opponi

170 1203 240 1238 Soli
250 1205 289 1237 ad
304 1217 429 1239 cerrum
440 1207 621 1254 alpefitum,
647 1221 723 1241 nam
736 1207 881 1252 &vapore
892 1229 902 1243 ‚
918 1206 1027 1253 quiest
1047 1209 1138 1253 lupra
1149 1220 1267 1252 gyrum
1279 1207 1382 1244 arctis,
1403 1209 1483 1241 radii
1504 1211 1649 1252 primarii
1669 1208 1849 1242 reflectun-

172 1263 226 1287 tur
237 1254 307 1300 post
321 1266 451 1301 tergum
462 1258 609 1290 nostrum
622 1280 632 1295 ‚
647 1257 665 1290 ὲ
678 1269 801 1302 vapore
814 1279 824 1294 ,
841 1259 898 1303 qui
913 1256 1053 1289 estintra
1069 1268 1176 1290 aream
1190 1256 1281 1291 arcfis
1297 1281 1305 1293 ‚
1325 1257 1435 1290 radius
1457 1256 1640 1291 reflectitur
1661 1268 1736 1290 ante
1751 1257 1850 1302 pedes

172 1303 345 1337 nostrosin
357 1305 562 1351 iuperficiern
573 1317 664 1340 tetrae
675 1329 686 1344 ,
705 1305 793 1339 solus
803 1317 910 1339 autern
923 1304 977 1338 ilie
989 1304 1209 1339 semicirculus
1229 1305 1337 1339 vibrat
1356 1307 1482 1339 radium
1500 1308 1693 1352 primarium
1713 1305 1798 1340 Solis
1808 1304 1852 1340 ad

146 1368 151 1378 ι
170 1351 310 1398 angulos
321 1353 459 1399 aequales
471 1358 505 1388 in
516 1356 649 1389 oculum
663 1378 673 1392 ‚
698 1368 789 1401 ergo,
837 1352 897 1388 Ob
908 1353 1045 1387 eandam
1060 1355 1144 1388 hanc
1155 1356 1316 1388 rationem
1328 1353 1411 1388 solus
1423 1367 1523 1401 vapor
1537 1353 1733 1388 semicirculi
1748 1365 1850 1400 appa-

171 1412 257 1436 reret
267 1401 433 1437 coloratus
448 1427 459 1442 ‚
481 1407 557 1451 quia
572 1417 690 1451 nempe
703 1418 742 1438 ex
754 1417 792 1438 eo
802 1403 982 1437 reflectitur
993 1405 1100 1437 radius
1111 1405 1148 1436 ad
1159 1403 1296 1449 angulos
1310 1403 1459 1450 aequales,
1517 1405 1647 1440 Tertio,
1668 1404 1786 1437 deduci
1801 1415 1856 1437 ra-

174 1452 224 1484 rio
235 1451 340 1497 potest
357 1464 396 1485 ex
407 1452 553 1488 dicendis
566 1479 576 1497 ‚
590 1457 666 1500 quia
678 1454 754 1487 curn
765 1456 820 1487 iris
830 1451 944 1485 debeat
954 1451 1072 1486 elevari
1086 1451 1180 1498 supra
1193 1452 1327 1486 oculum
1340 1451 1494 1500 gradibus
1515 1465 1576 1498 45.
1597 1463 1746 1486 centrum
1759 1452 1852 1488 iridis

173 1499 343 1534 debeteffe
355 1503 388 1534 in
398 1504 513 1536 eodem
526 1503 649 1550 plmo,
669 1507 705 1537 &
718 1505 752 1536 in
763 1503 876 1538 eadem
889 1500 1065 1535 altitudine
1074 1513 1148 1535 curn
1157 1501 1276 1539 oculo,
1302 1514 1382 1547 eigo
1398 1500 1418 1534 fi
1431 1501 1523 1534 locus
1542 1525 1551 1539 ‚
1569 1501 1661 1546 supra
1677 1513 1774 1548 quem
1783 1500 1857 1534 col-

174 1548 302 1584 locatur
314 1550 397 1584 bafin
407 1552 500 1585 iridis
517 1579 527 1595 ‚
552 1551 634 1585 sitin
644 1553 757 1586 eadem
770 1551 948 1586 altitudine
960 1563 1036 1583 cum
1048 1551 1148 1584 oculo
1159 1574 1169 1589 ,
1191 1562 1344 1584 centrum
1356 1553 1419 1584 crit
1433 1553 1465 1584 in
1477 1549 1541 1584 basi
1554 1574 1562 1589 ‚
1587 1562 1685 1597 atque
1697 1549 1779 1583 adeo
1792 1552 1856 1583 erit

171 1596 397 1633 semicirculus
410 1608 422 1647 3
470 1600 492 1634 fi
515 1601 605 1636 locus
618 1600 656 1635 fit
666 1601 763 1635 altior
776 1623 786 1638 ‚
807 1612 959 1634 centrum
973 1601 1036 1633 erit
1048 1599 1136 1633 infra
1146 1597 1263 1646 basim,
1281 1602 1386 1640 &iris
1397 1602 1458 1633 erit
1469 1602 1572 1645 major
1586 1599 1803 1634 semicirculo.
1817 1600 1857 1634 Et

171 1651 249 1695 quia
257 1647 392 1683 difficile
404 1649 468 1690 est,
489 1662 524 1684 ut
533 1649 646 1684 0:111us
658 1649 694 1683 fi:
704 1653 737 1684 in
748 1650 823 1684 loco
836 1649 918 1682 adro
928 1647 995 1681 alto
1005 1671 1015 1686 ,
1035 1659 1070 1681 ut
1080 1648 1161 1682 baiis
1174 1650 1266 1682 iridis
1277 1647 1314 1682 fit
1324 1648 1498 1694 depreffior
1509 1648 1733 1695 gradibus45.
1747 1670 1756 1685 ‚
1773 1659 1856 1694 prae-
1886 1647 1888 1649 ’

171 1697 280 1732 sertim
292 1722 301 1738 ,
321 1697 397 1732 cum
412 1700 468 1734 iris
479 1698 1011 1737 videaturinnotabilidistantia,
1037 1698 1113 1732 ideo
1122 1696 1337 1738 difficilest,
1364 1709 1399 1732 ut
1413 1696 1577 1734 formetur
1595 1698 1735 1734 circulus
1745 1694 1854 1745 perfe-

168 1746 256 1786 stus.

270 1800 357 1833 Erex
370 1799 420 1832 his
433 1801 530 1833 etiam
541 1798 710 1846 colligitur
731 1797 872 1832 maxime
883 1811 921 1831 ex
934 1800 1061 1833 ratione
1073 1796 1212 1830 secunda
1228 1823 1240 1841 ,
1266 1794 1358 1842 quod
1374 1797 1495 1829 variata
1518 1795 1602 1829 Solis
1620 1794 1797 1830 altitudine
1818 1805 1855 1831 ac

171 1846 409 1896 consequenter
423 1849 514 1882 radio
529 1850 674 1885 directo,
695 1860 750 1894 per
763 1849 851 1881 aliud
870 1846 1050 1893 superficiei
1063 1847 1224 1892 pundmm
1237 1847 1271 1878 in
1292 1843 1522 1891 profunditate
1539 1855 1710 1891 guttarum
1725 1841 1755 1876 se
1769 1854 1860 1879 rner-

170 1907 271 1942 gente
283 1921 292 1935 .
312 1898 480 1943 varietque
491 1896 776 1945 quo-queangulus
786 1896 974 1930 reflexionis
985 1919 994 1934 ,
1021 1901 1054 1930 &
1066 1894 1209 1927 altitudo
1219 1894 1313 1926 iridis
1326 1915 1336 1930 ‚
1359 1893 1432 1926 curn
1444 1896 1532 1926 enim
1547 1892 1603 1926 Sol
1615 1891 1768 1926 demissus
1780 1892 1826 1927 est
1837 1914 1851 1931 ‚

173 1949 208 1980 &
227 1947 355 1980 vicinus
374 1947 544 1980 horizonti
562 1960 615 1992 per
630 1946 832 1989 lnpcrncicm
858 1957 942 1989 pene
959 1943 1174 1980 inferiorem,
1201 1942 1311 1975 radius
1324 1943 1446 1975 intrare
1459 1940 1557 1975 debet
1570 1965 1579 1979 ,
1602 1953 1639 1975 ut
1649 1940 1786 1975 reflexio
1796 1953 1850 1975 ra-

172 1994 219 2029 dit
229 1998 376 2041 primarii
387 2007 520 2043 tangere
532 1995 626 2041 pellit
641 1995 775 2028 oculum
787 2017 796 2031 ,
813 1995 900 2027 unde
911 1993 985 2027 talis
997 1990 1138 2027 reflexio
1149 1990 1212 2024 elle
1229 2003 1296 2024 non
1309 1990 1414 2036 potest
1425 2014 1433 2029 ,
1454 1989 1512 2024 nifi
1532 1991 1550 2025 ὲ
1566 1993 1670 2036 guttis
1679 1989 1859 2029 altiffirnis‚

173 2045 208 2078 ὄε
222 2044 317 2088 {upra
331 2048 489 2078 verticem
505 2044 652 2077 nostrum
668 2041 780 2086 posuis
792 2067 801 2080 ,
820 2044 851 2075 id
863 2042 928 2083 est,
944 2041 1071 2076 summa
1085 2051 1266 2075 curvatura
1287 2040 1379 2073 iridis
1403 2039 1525 2074 elevari
1538 2040 1674 2073 minime
1690 2038 1788 2072 debet
1803 2038 1857 2073 iu·

173 2105 231 2141 pra
243 2094 388 2128 nostrum
403 2097 566 2130 verticem.
621 2094 929 2126 meridiano-autem
941 2114 951 2129 ‚
967 2103 1024 2125 aut
1036 2090 1146 2124 saltem
1161 2089 1303 2123 maxime
1315 2089 1442 2123 elevato
1457 2088 1530 2122 Sole
1541 2088 1635 2134 supra
1646 2090 1859 2123 horizontem

171 2144 281 2177 radius
297 2143 544 2190 quodammodo
555 2142 762 2188 supervenit,
779 2153 813 2174 ac
835 2141 972 2186 proinde
992 2153 1060 2174 non
1081 2137 1140 2173 nifi
1159 2139 1281 2172 &valde
1299 2137 1480 2172 humilibus
1493 2138 1710 2173 &horizonti
1722 2139 1859 2182 propin-

169 2194 246 2239 quis
255 2196 362 2239 guttis
372 2193 485 2227 radius
503 2195 630 2231 percuti
647 2192 685 2224 ad
707 2202 766 2224 nos
779 2189 883 2235 potest
897 2217 907 2231 ‚
929 2189 1072 2236 ideoque
1085 2188 1385 2223 iridesmeridianae
1399 2190 1473 2221 lunt
1485 2187 1579 2221 valde
1596 2184 1748 2220 demiffae.
1760 2186 1861 2221 lrides

173 2252 283 2275 autem
294 2267 302 2279 ,
319 2254 391 2288 quae
402 2241 487 2275 fiunt
501 2241 600 2286 paulo
623 2240 693 2286 post
704 2252 816 2274 orcum
829 2263 837 2277 ,
861 2238 913 2272 vel
924 2238 1023 2283 paulo
1036 2249 1112 2272 ante
1127 2236 1276 2271 occasum
1295 2236 1380 2270 Solis
1394 2259 1403 2274 ,
1422 2240 1592 2278 integrum
1614 2236 1738 2270 habent
1759 2234 1859 2269 semi-

175 2289 335 2325 circulum
347 2314 356 2329 ,
375 2292 453 2336 quia
467 2293 626 2324 nimirum
643 2301 742 2327 tunc,
760 2300 795 2322 ur
807 2289 932 2332 optime
941 2290 986 2322 ait
998 2287 1206 2325 Aristoteles,
1233 2288 1321 2324 axis,
1343 2288 1402 2331 qui
1425 2285 1539 2320 tranfit
1557 2298 1612 2331 per
1633 2297 1744 2319 centra
1769 2284 1862 2319 iridis

176 2338 306 2375 &Solis
319 2365 328 2380 ,
351 2343 521 2386 utrimque
535 2339 699 2374 incumbit
711 2339 880 2373 horizonti
900 2361 909 2375 ‚
925 2350 1006 2381 ergo
1025 2340 1125 2372 etiam
1137 2347 1293 2370 centrum
1305 2337 1396 2369 iridis
1412 2336 1456 2368 est
1475 2337 1510 2369 in
1525 2333 1597 2381 ipso
1607 2335 1783 2368 horizonte
1795 2356 1804 2371 ‚
1826 2343 1864 2367 ac

175 2391 415 2437 consequenter
427 2391 571 2423 horizon
586 2388 826 2423 semicirculum
841 2385 1003 2420 abscindit
1014 2385 1031 2420 ὲ
1045 2385 1169 2420 circulo
1181 2397 1237 2432 per
1247 2386 1316 2432 ejus
1325 2395 1492 2422 centrum.
1548 2386 1589 2419 Et
1607 2385 1685 2420 hinc
1696 2385 1793 2418 etiam
1805 2380 1862 2421 fit,

175 2436 270 2486 quod
283 2451 411 2473 cornua
420 2450 514 2473 terrae
531 2439 672 2472 obverlae
685 2437 745 2472 (int
758 2461 767 2475 ,
788 2449 855 2470 non
866 2438 1017 2470 autemin
1029 2435 1165 2470 coelum-

275 2491 404 2535 Argues
413 2499 521 2522 tamen
534 2500 647 2521 contra
659 2488 724 2521 haec
742 2486 936 2520 adducendo
949 2484 1134 2519 testimonia
1149 2484 1359 2529 quorundam
1371 2511 1384 2529 .,
1409 2485 1469 2529 qui
1481 2483 1600 2518 iridem
1614 2495 1681 2517 non
1693 2480 1867 2528 nunquitm

177 2537 300 2582 integri
312 2537 425 2571 circuli
439 2536 545 2582 figur-:⁸1
561 2537 590 2570 se
600 2535 712 2571 vidisse
724 2534 913 2582 perhibent.
963 2535 1014 2568 Sic
1027 2534 1212 2570 franciscus
1222 2535 1316 2568 Picus
1328 2532 1524 2567 Mirandulae
1538 2535 1664 2567 Comes
1680 2531 1686 2564 l
1713 2543 1741 2566 2.
1751 2531 1790 2564 de
1801 2530 1867 2565 stu-

176 2584 236 2619 dio
244 2587 401 2620 dodrrinae
412 2590 445 2621 &
458 2588 608 2620 humane
620 2585 833 2632 philolophiae
845 2597 872 2621 e.
891 2597 915 2625 3.
927 2583 1061 2618 testatur
1072 2608 1082 2623 ‚
1103 2581 1131 2616 se
1143 2582 1340 2617 Florentiam
1351 2581 1611 2628 proficiscentem
1624 2580 1734 2613 vidisse
1747 2579 1867 2614 iridem

177 2633 301 2669 circulo
311 2633 378 2679 fere
388 2635 568 2682 completo,
598 2636 686 2669 Idem
697 2632 1070 2669 affirmatCardanuslib
1089 2632 1350 2675 14.1ubti1itatis
1361 2644 1429 2674 cap.
1450 2643 1504 2675 70.
1515 2636 1550 2666 &
1566 2629 1738 2664 Averoe‘sl.
1756 2639 1786 2672 3,
1797 2631 1872 2662 Me-

176 2693 262 2721 teor.
274 2686 398 2718 Verum
411 2685 450 2718 ad
461 2685 525 2719 haec
538 2684 690 2719 Vitellius
699 2686 720 2719 l.
730 2696 738 2719 ι
747 2683 995 2727 0.perspect·ivae
1008 2681 1349 2723 distin&·69.erudite
1358 2682 1533 2727 respondet
1546 2678 1636 2725 quod
1649 2690 1716 2711 non
1726 2675 1764 2712 fit
1774 2689 1871 2712 verus

177 2744 271 2767 arcus
286 2757 296 2772 ‚
322 2733 374 2766 {ed
391 2733 697 2768 exreverberatione
710 2733 839 2768 tantum
859 2733 996 2766 luminis
1013 2730 1124 2766 Soliszi
1138 2730 1219 2766 forti
1232 2731 1321 2765 nube
1339 2754 1350 2770 ,
1374 2742 1430 2765 aut
1457 2731 1495 2763 ad
1507 2740 1624 2763 terram
1645 2739 1702 2761 aut
1719 2727 1759 2760 ad
1771 2726 1871 2762 aliam

176 2782 301 2817 nubem
314 2781 390 2828 fiat,
415 2783 471 2816 ubi
485 2782 523 2817 fit
535 2796 637 2829 vapor
652 2784 802 2821 roridus,
828 2785 862 2815 in
886 2781 1015 2819 medio,
1043 2793 1116 2815 tum
1133 2780 1219 2815 visus
1241 2782 1328 2815 inter
1355 2792 1532 2826 vaporem,
1561 2788 1630 2810 tum
1647 2775 1767 2810 nubem
1779 2775 1875 2823 {iqua

176 2831 217 2866 fit
231 2831 627 2871 reverberatioineiidem
640 2833 725 2868 linea
740 2857 749 2872 ‚
774 2844 810 2867 ut
820 2833 859 2864 ad
879 2833 983 2876 ipsum
998 2830 1134 2864 reflexio
1151 2828 1221 2864 fieri
1234 2830 1344 2876 possir,
1404 2830 1499 2861 Tunc
1522 2828 1610 2860 enim
1622 2826 1876 2872 integrasirides

175 2877 284 2916 ‘vIderi
296 2879 498 2928 poffibileest
510 2905 522 2921 ,
545 2887 580 2918 δε
599 2881 697 2917 talem
715 2882 832 2917 iridem
851 2892 922 2914 non
935 2891 1035 2914 unam
1050 2903 1060 2917 ‚
1087 2891 1146 2914 nec
1157 2880 1237 2913 duas
1247 2879 1373 2913 tantum
1387 2875 1437 2909 sed
1459 2886 1602 2922 quatuor
1612 2879 1712 2910 etiam
1727 2873 1871 2921 conspici

181 2928 293 2976 poffe,
321 2930 397 2964 urse
409 2930 523 2965 Paduae
534 2931 645 2966 vidiffi:
654 2932 800 2966 testatur.
853 2932 900 2963 Ita
911 2931 1008 2962 etiam
1026 2928 1123 2963 sentit
1133 2930 1169 2965 P.
1186 2928 1357 2963 DeRhod‘
1371 2923 1454 2960 Phil.
1469 2927 1573 2970 pei-ip.
1591 2925 1612 2958 l.
1628 2937 1659 2962 2.
1670 2926 1701 2959 d·
1722 2934 1775 2971 ¹3·
1790 2937 1824 2969 q·
1845 2933 1878 2967 5·

182 2978 269 3021 δρᾶ.
282 2992 311 3016 2-
325 2981 479 3026 inquiens
488 2981 680 3016 crediderim
690 2982 788 3015 irides
799 2979 878 3014 tales
892 2977 994 3011 facias
1005 2977 1100 3013 fuisse
1111 2978 1224 3012 Solum
1238 2990 1276 3010 ex
1287 2975 1489 3009 refrac‘tione
1500 2973 1635 3009 luminis
1649 2973 1873 3009 intra'nubem

186 3028 338 3072 producti
355 3056 366 3072 ‚
392 3042 461 3063 non
475 3041 583 3064 autem
595 3043 634 3064 ex
645 3030 830 3065 reflexione
843 3027 1022 3072 specierum
1036 3027 1121 3062 Solis
1132 3041 1142 3061 z
1169 3039 1248 3061 nam
1267 3025 1369 3059 Irides
1387 3021 1590 3064 hujusmodi,
1612 3027 1646 3059 in
1661 3022 1867 3072 quibuffnou

188 3077 316 3122 videtur
327 3076 393 3126 ipse
404 3078 482 3124 Sol,
509 3075 562 3114 sed
572 3079 685 3116 lumen
702 3080 743 3115 ab
763 3093 803 3115 eo
814 3077 1035 3126 ρῐῡᾶυᾶωῐὶ,
1057 3088 1212 3125 ²PP²fefe
1226 3072 1403 3121 POffimtin
1416 3072 1562 3119 qualibet
1572 3074 1691 3123 figura·
1751 3077 1756 3081 ”

1112 3168 1151 3201 M
1178 3176 1194 3211 ς
1735 3140 1872 3209 Quieta
