2003 3434
256 148 373 212 274
871 139 1248 212 Meteorologia

246 222 304 260 fiat
322 225 639 274 perpendiculariter
658 220 810 259 deorsum
825 231 837 271 3
862 223 1004 272 ideoque
1023 226 1173 273 ingentia
1192 222 1337 271 pondera
1355 220 1446 257 ferro
1456 219 1605 270 oblongo
1618 221 1747 271 alligata
1758 222 1932 266 sustinere,

245 282 305 310 nec
317 277 457 312 dubium
469 274 530 309 esse
540 299 548 312 ‚
568 276 649 321 quin
663 276 772 308 virum
787 273 1032 320 cataphracstum
1043 272 1223 321 appensum
1236 283 1374 307 teneret.
1402 273 1504 306 Itaillc
1512 279 1545 305 in
1556 276 1648 321 Mag.
1661 287 1791 321 magna.

343 329 440 363 Dices
458 331 468 364 ξ
499 325 637 371 Magnes
647 334 714 358 non
729 323 853 371 semper
863 321 1097 358 trahitferrum
1110 346 1120 364 ,
1140 334 1217 357 nam
1232 322 1253 355 fi
1264 321 1418 356 alliorum
1431 320 1528 356 succo
1542 346 1552 360 ‚
1576 334 1633 357 aut
1652 323 1734 357 hirci
1748 324 1934 372 sanguine..

242 379 466 422 perungatur,
489 383 557 407 tota
581 375 648 417 ejus
672 374 777 408 virtus
789 373 1000 413 retunditur,
1026 384 1136 419 neque
1152 371 1277 406 fetrum
1294 370 1567 417 deincepsallicit.
1620 371 1735 406 Itemsi
1750 376 1839 416 juxta
1853 386 1934 408 eum

242 414 388 470 ponatur
407 424 567 460 Adamas,
594 421 713 456 definit
732 421 856 457 serrum
877 421 1027 458 trahere,
1051 424 1160 468 inquit
1180 420 1382 463 Augustinus
1404 419 1462 455 lib.
1480 432 1527 457 21.
1550 421 1641 454 civit.
1654 433 1682 457 c.
1692 433 1725 467 4.
1777 423 1934 470 Responq

242 474 326 512 deo,
347 474 379 507 id
390 472 460 507 fieri
482 483 538 519 per
550 473 715 509 accidens:
747 472 836 519 quod
847 471 1036 517 antipathiae
1051 468 1302 505 adieribendum
1316 480 1482 515 putamus.
1534 472 1698 513 Qarnvis
1720 481 1818 517 neget
1850 473 1935 506 Car-

242 522 366 560 danus,
394 531 581 570 magnetem
592 522 744 568 impediri
755 519 844 569 posse
856 519 957 555 velab
971 522 1158 555 Adamante
1170 542 1181 559 ,
1206 518 1257 554 vel
1274 518 1314 553 ab
1322 518 1399 553 allio
1409 523 1443 554 δε
1454 522 1549 567 caepis
1561 542 1572 558 ,
1593 523 1676 567 quin
1686 519 1811 566 semper
1827 523 1936 556 trahat

241 569 385 609 ferrum,
723 580 728 585 ·

337 620 506 655 Secundus
517 617 656 654 effedlus
665 621 827 669 magnetis
836 617 900 656 est,
932 621 1023 667 quod
1038 618 1161 653 ferrum
1175 616 1215 652 ab
1234 615 1298 651 boc
1317 614 1425 663 lapide
1439 619 1648 653 contractum
1659 619 1744 652 vires
1760 618 1896 664 accipiat
1923 641 1934 657 ,

238 669 448 716 retinuitque
463 671 565 716 longo
576 671 681 704 traCtu
694 673 733 703 ad
744 670 939 703 trahendum
953 670 1042 704 aliud
1061 667 1188 702 fertum
1203 691 1213 705 ,
1247 667 1330 700 adeo
1345 677 1382 700 ut
1401 667 1605 702 annulorum
1626 680 1695 702 non
1713 680 1862 713 unquam
1883 680 1934 702 ca-

241 719 510 766 tenaspeetetut,
539 720 631 765 quod
643 717 762 753 merito
782 717 914 765 suspicit
934 721 1153 765 ptaecipitatus
1173 719 1217 753 D.
1236 716 1440 762 Augustinus
1461 720 1639 764 inquiens:
1665 719 1740 764 quis
1758 717 1851 750 istam
1866 719 1934 751 vim

237 765 356 813 lapidis
366 780 434 802 non
447 768 606 815 stuperet,
624 781 697 815 quae
714 769 763 802 illi
780 780 849 802 non
874 766 983 803 solum
1000 770 1105 803 inerat
1117 789 1129 806 ‚
1152 765 1268 802 verum
1284 767 1382 800 etiam
1394 777 1451 812 per
1465 766 1679 814 totsuspensa
1690 766 1851 800 transibat
1863 788 1873 805 ,
1899 769 1935 801 &

235 816 459 852 invisibilibus
472 830 508 852 ea
525 817 663 851 vinculis
677 816 873 864 subligabat.

334 868 470 900 Tertius
480 866 616 900 effeetus
631 867 676 900 est
691 889 701 905 ‚
730 866 821 914 quod
832 878 906 900 acus
919 867 1082 914 magnetis
1094 866 1208 899 attritu
1220 862 1343 899 extersa
1359 884 1370 902 ,
1396 863 1655 910 septentrionem
1677 864 1802 912 semper
1827 863 1935 911 respi-

234 915 298 948 ciat
312 923 323 959 3
356 918 391 950 δε
401 916 456 950 ubi
466 916 543 950 hinc
555 916 632 950 inde
647 918 682 950 in
697 915 885 964 aequilibrio
897 919 1103 964 conquievit,
1117 914 1231 961 polum
1243 914 1400 947 arcticum
1412 916 1706 954 commonstret,ut
1720 916 1830 949 videre
1840 914 1935 948 estin

238 965 361 1009 pyxide
371 967 499 999 nautica
509 985 523 1011 5
546 967 624 1000 &in
639 963 765 1000 solariis
777 966 916 999 minutis
929 988 938 1004 .
962 965 1085 1012 quibus
1094 966 1133 997 ad
1146 963 1254 997 Solem
1268 962 1364 996 horas
1373 961 1598 1008 exploramus.
1646 963 1852 1010 Huiusmodi
1868 975 1927 997 au-

237 1023 305 1047 tern
323 1014 499 1049 inclinatio
523 1014 618 1049 tanto
639 1024 748 1049 tamen
768 1017 878 1048 minor
891 1015 935 1048 est
949 1037 959 1053 ,
989 1013 1117 1062 quanto
1128 1015 1266 1061 propior
1279 1012 1503 1047 terraetraeltus
1514 1014 1559 1048 est
1570 1015 1731 1061 aequatori
1744 1038 1753 1053 ‚
1780 1025 1854 1047 nam
1873 1011 1933 1047 sub

237 1073 406 1110 aequatore
417 1064 563 1110 perfeeto
574 1064 692 1109 perstat
706 1067 739 1098 in
749 1063 939 1110 aequilibrio
949 1075 1092 1110 magnes.
1146 1063 1235 1096 Hinc
1257 1062 1355 1095 etiam
1375 1062 1624 1107 deprehensum
1641 1062 1705 1097 elle
1723 1062 1740 1097 a
1755 1064 1864 1097 nautis
1876 1073 1933 1096 cu·

234 1113 361 1156 spidem
373 1114 500 1158 pyxidis
512 1115 648 1147 nauticae
663 1114 862 1160 quibusdam
874 1115 907 1146 in
917 1112 997 1148 locis
1009 1114 1171 1147 ardricum
1185 1111 1272 1145 tedia
1282 1109 1441 1156 aspicere,
1451 1124 1487 1146 ut
1500 1115 1533 1146 in
1549 1113 1650 1151 freto,
1666 1124 1735 1160 quo
1746 1111 1787 1146 ab
1799 1112 1934 1145 AEthio-

231 1163 308 1208 pico
319 1166 401 1197 mari
413 1163 452 1195 ad
463 1173 551 1196 mare
563 1162 707 1196 Australe
719 1165 796 1196 novi
808 1161 898 1196 orbis
909 1173 1098 1208 penetratur
1110 1183 1120 1200 ‚
1145 1159 1223 1194 alibi
1235 1157 1314 1193 νει-ὸ
1327 1169 1387 1204 pto
1406 1158 1556 1196 locorum
1570 1166 1604 1198 ὃς
1617 1164 1809 1209 Regionum
1821 1163 1934 1195 diver-

236 1209 328 1246 sitate
341 1215 404 1258 Jam
415 1213 452 1245 ad
467 1211 625 1246 finisttam
639 1232 649 1250 ,
674 1215 738 1259 jam
753 1212 792 1246 ad
804 1212 952 1246 dextram
965 1211 1029 1247 five
1042 1213 1220 1245 Orientem
1231 1213 1265 1244 &
1280 1209 1484 1245 occidentem
1496 1223 1630 1260 vergere
1648 1215 1682 1246 ὃς
1700 1210 1812 1245 alinea
1830 1211 1934 1245 meri-

230 1260 326 1294 diana
340 1259 514 1295 declinare.

329 1311 478 1351 Quartus
500 1307 638 1344 effestus
659 1309 724 1347 est,
750 1307 842 1357 quod
865 1321 952 1344 unus
967 1307 1124 1356 idemque
1143 1319 1278 1355 magnes
1287 1306 1352 1344 una
1367 1321 1408 1344 ex
1424 1320 1515 1357 parte
1529 1310 1595 1342 vim
1606 1305 1934 1343 habetconvertendi

231 1356 391 1404 pensilem
405 1371 600 1394 mucronem
610 1371 687 1396 acus
701 1358 811 1393 verius
820 1360 1085 1406 Septentrionem
1099 1381 1109 1397 ‚
1138 1370 1178 1392 ex
1191 1358 1289 1391 altera
1299 1360 1443 1394 eundem
1454 1357 1564 1393 versus
1582 1357 1696 1404 polum
1710 1359 1933 1393 antarcticum

229 1409 396 1456 dirigendi
410 1416 422 1455 3
448 1411 569 1444 etenim
580 1412 614 1442 in
628 1421 696 1443 uno
705 1420 841 1457 quoque
855 1421 1007 1456 magnete
1017 1407 1164 1442 existunt
1177 1407 1269 1454 poli,
1295 1407 1348 1442 seu
1359 1410 1481 1453 puncCta
1493 1409 1640 1455 quaedatn
1654 1419 1739 1441 certa
1752 1432 1761 1447 ‚
1774 1420 1847 1453 quae
1858 1406 1933 1441 sua-

231 1468 287 1504 pte
299 1469 415 1492 natura
427 1458 465 1492 ad
479 1457 572 1505 polus
582 1459 698 1493 mundi
715 1482 725 1496 ‚
749 1456 770 1491 fi
784 1470 918 1505 magnes
930 1457 1146 1503 suspendatur
1157 1479 1167 1497 ‚
1195 1468 1457 1502 convertuntur3
1485 1459 1572 1492 inter
1587 1454 1663 1490 ilios
1676 1456 1755 1492 vero
1764 1457 1861 1504 polos
1873 1459 1930 1491 in-

232 1506 394 1554 telligitur
405 1508 502 1542 ducta
513 1507 596 1541 linea
610 1532 619 1547 ,
646 1520 717 1555 quae
727 1507 772 1541 est
785 1510 854 1541 axis
871 1510 1033 1555 magnetis
1042 1505 1242 1551 respondens
1251 1508 1302 1540 axi
1318 1508 1446 1543 mundi.

328 1559 483 1602 Qintus
496 1555 634 1592 effeetus
646 1558 709 1598 est,
739 1557 833 1605 quod
848 1560 952 1592 virtus
971 1557 1146 1591 attractiva
1159 1555 1239 1590 ferri
1252 1559 1355 1603 major
1367 1559 1403 1591 in
1416 1554 1502 1604 polis
1515 1577 1525 1597 ,
1547 1551 1649 1603 quam
1666 1556 1701 1590 in
1711 1552 1850 1604 reliquis
1859 1556 1929 1603 ejus

228 1605 396 1652 partibus.
484 1648 501 1651 „

324 1656 440 1690 Sextus
455 1651 645 1690 effestusest
656 1679 667 1695 ,
692 1653 783 1702 qued
796 1650 818 1690 si
829 1665 976 1691 ramenta
988 1654 1068 1690 fetri
1078 1653 1295 1689 minutiffima
1305 1677 1314 1694 ,
1344 1649 1452 1702 qualis
1462 1653 1508 1689 est
1521 1650 1842 1702 pulvisscriptorius,
1867 1653 1932 1689 has

226 1700 368 1739 beantur
379 1707 413 1738 in
425 1705 536 1739 charta
548 1729 556 1743 ‚
583 1708 635 1739 cui
648 1704 853 1751 supponatur
865 1711 1023 1752 magnes3
1050 1715 1196 1738 ramenta
1208 1704 1264 1737 illa
1275 1714 1331 1749 pet
1350 1704 1380 1738 se
1401 1703 1467 1750 ipsa
1480 1705 1543 1738 sese
1554 1704 1734 1749 disponant
1748 1726 1758 1743 ‚
1785 1707 1817 1739 ὅ(
1833 1705 1929 1738 ordi-

225 1764 307 1787 nent
319 1755 354 1787 in
368 1753 508 1787 circulos
523 1778 531 1793 ,
559 1755 610 1788 seu
622 1757 654 1788 in
667 1754 831 1802 segmenta
842 1755 1043 1789 circulorum
1065 1756 1297 1787 concurrentia
1312 1753 1479 1787 hincinde
1496 1753 1538 1786 ad
1549 1752 1642 1799 polos
1655 1756 1821 1800 magnetis
1834 1775 1844 1791 ,
1871 1753 1928 1788 seu

223 1802 264 1834 ad
277 1805 402 1848 pariem
414 1801 616 1848 suppositam
633 1805 681 1837 his
696 1803 790 1850 polis.
842 1803 946 1847 Quod
970 1802 990 1837 si
1009 1813 1194 1850 magnetem
1211 1804 1316 1847 ipsum
1331 1801 1459 1848 pulveri
1476 1801 1584 1836 ferreo
1603 1803 1779 1836 admoveas
1796 1826 1806 1840 ,
1833 1802 1926 1837 vide-

224 1849 275 1884 bis
288 1853 456 1897 utrimque
469 1855 630 1897 magnetis
643 1853 721 1898 polo
735 1854 877 1899 appendi
888 1853 989 1887 veluti
1003 1850 1157 1886 barbulas
1167 1850 1316 1897 plurimis
1327 1851 1479 1886 videlicet
1497 1864 1539 1886 ex
1554 1852 1723 1898 particulis
1740 1851 1829 1886 illius
1850 1850 1927 1899 pule

224 1903 311 1935 vetis
325 1900 384 1934 sibi
399 1902 539 1937 invicem
554 1902 752 1938 haerentibus
764 1901 898 1938 filatim.

323 1949 438 1985 Restat
449 1961 539 1987 nunc
549 1951 705 1999 indagate
718 1953 847 1986 causam
860 1952 993 1985 virtutis
1007 1950 1196 1997 magneticae
1206 1970 1215 1987 ‚
1242 1958 1342 1995 quam
1355 1948 1529 1996 explorare
1541 1952 1595 1983 vix
1607 1945 1677 1983 ullo
1687 1947 1847 1984 haetenus
1861 1947 1925 1984 hu·

222 2006 325 2033 mano
343 2001 482 2047 ingenio
495 1998 601 2036 licuit.
653 2001 750 2034 Unde
760 2011 844 2047 quot
854 2003 979 2045 capita,
1007 2009 1056 2033 tot
1073 1998 1142 2033 fere
1160 1997 1421 2033 suntsententiae‚
1477 1999 1657 2046 Nugzntur
1673 1997 1744 2047 illi,
1770 2001 1829 2046 qui
1851 2001 1927 2033 ani-

224 2058 353 2083 matum
369 2059 557 2098 magnetem
568 2048 631 2084 esse
643 2046 845 2097 volueruntg
869 2051 1055 2083 animatum
1068 2050 1158 2082 enim
1170 2047 1226 2087 est,
1251 2049 1342 2095 quod
1355 2047 1493 2094 seipsum
1506 2057 1637 2093 movet3
1665 2061 1733 2082 non
1749 2048 1839 2095 quod
1853 2058 1925 2082 mo?

222 2108 278 2132 vet
292 2096 397 2134 aliud.
449 2097 642 2133 Voluntalii
656 2123 664 2139 ‚
687 2097 1004 2146 ferrumamagnete
1019 2097 1103 2132 tra'ni
1117 2108 1274 2143 tanquam
1286 2098 1302 2131 21
1317 2096 1399 2135 fine,
1426 2110 1494 2131 non
1506 2110 1664 2145 tanquam
1687 2098 1807 2132 &causa
1819 2094 1925 2131 effici-

220 2154 297 2181 ente
309 2168 320 2185 ,
342 2145 457 2182 verum
470 2159 584 2182 contra
595 2148 660 2187 est,
681 2159 718 2182 ut
732 2146 853 2183 merito
863 2147 1013 2182 observat
1026 2148 1055 2183 S.
1070 2147 1223 2180 Thomas
1236 2158 1270 2192 7,
1295 2146 1390 2192 Phys.
1413 2156 1507 2179 texm
1537 2157 1588 2184 ιο,
1603 2168 1614 2185 ,
1639 2146 1730 2193 quod
1749 2145 1923 2182 causalita-

221 2203 289 2229 tem
302 2195 376 2230 finis
391 2194 482 2230 nulla
496 2196 645 2232 locorum
657 2195 1054 2244 intercapedoinhibeat3
1080 2195 1204 2229 ferrum
1221 2207 1330 2229 aurern
1356 2206 1426 2230 non
1445 2197 1594 2230 trahatur
1612 2197 1650 2230 ad
1669 2195 1857 2243 quamlibet
1870 2196 1924 2230 di.

219 2243 387 2283 stantiam,
415 2244 935 2285 Libaviuslib.1.debitum.c.122
950 2243 1187 2280 bituminosam
1203 2246 1235 2279 in
1247 2255 1399 2292 magnete
1413 2255 1564 2279 naturam
1580 2244 1712 2285 statuit,
1726 2247 1765 2280 ad
1777 2242 1922 2292 singula-

219 2296 354 2329 ritatem
365 2306 440 2328 cum
452 2293 542 2329 ferto
551 2296 717 2330 redactam
732 2295 947 2330 similitudine
962 2296 1216 2341 conspirationis
1234 2317 1244 2331 ,
1273 2294 1488 2341 misturaeQue
1501 2318 1511 2332 ,
1539 2294 1605 2340 qufi
1625 2293 1737 2329 eadem
1757 2295 1922 2341 principia

217 2345 254 2377 in
266 2340 356 2378 ferro
366 2340 574 2382 coaluerunt.
631 2346 687 2379 Est
703 2369 714 2384 ‚
735 2345 845 2383 addit,
859 2346 1110 2391 ferreusspth'tm
1125 2341 1380 2389 bituminosu'sque
1393 2345 1557 2378 commun&
1566 2345 1659 2391 utriq}
1670 2368 1678 2382 ‚
1696 2343 1751 2388 sid
1761 2358 1818 2378 non
1829 2344 1922 2390 effluit

217 2394 402 2426 continenter
417 2415 428 2431 ,
447 2393 543 2442 tamq'3
554 2394 657 2428 validi}
669 2395 684 2428 ὲ
687 2395 790 2440 ferro,
809 2394 880 2439 (icus
892 2395 908 2427 ὲ
919 2404 1056 2441 magnete
1070 2403 1193 2439 propter
1200 2393 1352 2438 diversam
1362 2392 1598 2439 coagulationem
1606 2395 1663 2438 sm
1673 2393 1923 2441 commistionem,

218 2441 286 2476 Alii
296 2441 526 2476 occultaeistud
546 2443 700 2479 tribuunt
718 2443 852 2482 formae:
873 2443 1031 2478 nonnulli
1043 2454 1196 2477 mutuum
1208 2454 1317 2476 rerum
1335 2441 1533 2476 naturalium
1545 2441 1703 2478 adferunt
1713 2443 1923 2490 consensum·

215 2492 259 2526 Et
275 2490 310 2525 hi
321 2503 439 2526 omnes
449 2492 601 2528 videntur
613 2503 780 2529 recurrere
791 2493 831 2527 ad
844 2491 1075 2540 Sympathiam
1090 2490 1167 2526 ferri
1178 2495 1211 2527 δι
1224 2493 1386 2539 magnetis
1396 2503 1464 2525 non
1476 2489 1744 2539 improbabiliter
1755 2517 1768 2534 ‚
1786 2493 1874 2528 unde
1884 2491 1924 2536 sit

319 2550 500 2589 Conclusio
515 2558 626 2594 tertia,
655 2549 840 2589 Verisimile
854 2554 911 2592 est,
922 2553 1048 2588 fetrum
1062 2552 1149 2588 trahi
1161 2552 1178 2587 a
1192 2562 1343 2600 magnete
1353 2563 1487 2599 propter
1495 2553 1721 2601 Sympathiam
1733 2559 1766 2591 δε
1777 2554 1922 2590 substan·

216 2604 268 2641 tiae
282 2598 557 2649 similitudinem3
586 2612 748 2651 cognatus
757 2605 847 2637 enim
859 2602 903 2637 est
914 2603 994 2650 lapis
1004 2599 1192 2637 durissimus
1201 2600 1336 2636 metallo
1350 2600 1587 2637 informiffimo
1599 2628 1609 2643 ‚
1626 2604 1755 2639 &illud
1772 2605 1812 2638 ad
1823 2604 1854 2639 se
1865 2616 1920 2639 ra·

216 2658 284 2701 pit,
304 2651 493 2689 ficutetiam
509 2654 697 2691 succinum,
718 2653 915 2697 Lychnites‚
940 2657 974 2687 &
990 2654 1129 2687 Adamas
1143 2650 1281 2686 trahunt
1292 2649 1422 2698 paleas3
1449 2651 1651 2699 chrysocolla
1661 2654 1764 2690 trahit
1775 2665 1892 2689 aurum
1905 2665 1921 2697 ‚·

213 2714 391 2751 argentum
413 2706 545 2740 vivum,
562 2704 632 2738 auri
649 2698 825 2749 particulas
844 2702 1057 2746 epithimium
1078 2712 1182 2736 atram
1203 2699 1322 2739 bilem,
1341 2702 1512 2747 agaricum
1536 2703 1693 2748 pituitam
1710 2711 1846 2752 evocat3
1872 2701 1917 2738 stc

212 2753 406 2799 sympathia
419 2753 482 2790 est,
505 2764 577 2800 quae
587 2751 828 2786 serrumtrahit
841 2751 882 2784 ad
897 2762 1097 2799 magnetem.
1149 2747 1342 2784 substantiae
1362 2753 1450 2784 enim
1473 2749 1690 2788 similitudine
1709 2763 1918 2800 unaquaeque

215 2813 268 2835 res
278 2802 422 2836 creditur
436 2802 565 2837 trahere
576 2804 748 2849 proprium
759 2798 968 2837 alimentum.
997 2801 1093 2835 Unde
1108 2796 1183 2833 cum
1195 2797 1320 2833 fertum
1334 2797 1372 2833 sit
1383 2802 1545 2846 magnetis
1557 2801 1647 2847 quafi
1665 2800 1920 2839 alimentum!-

212 2850 271 2883 lud
282 2850 320 2884 ab
332 2850 393 2885 hoc
403 2851 601 2897 attrahitur3
624 2854 659 2885 in
671 2847 750 2884 ferri
760 2850 849 2884 enim
861 2848 977 2888 scobe,
1003 2861 1040 2884 ut
1061 2849 1187 2883 diCkum
1206 2848 1274 2887 est,
1301 2859 1436 2894 magnes
1460 2850 1586 2896 optime
1603 2849 1766 2890 servatur,
1792 2850 1910 2886 imo&

213 2898 333 2937 alitur,
362 2913 436 2934 nam
464 2899 627 2947 repositus
658 2922 668 2938 ‚
715 2898 823 2933 tratstu
862 2902 1021 2945 temporis
1058 2902 1127 2945 ejus
1161 2899 1277 2945 portio
1317 2895 1494 2944 absumpto
1531 2898 1774 2936 observabitur.
1838 2903 1918 2936 Hoc

205 2948 489 2984 tarnninlitiori
506 2948 598 2984 sensu
610 2949 861 2994 accipiendum,
889 2959 958 2981 non
975 2951 1067 2982 enirn
1083 2959 1199 2981 verum
1231 2946 1278 2981 est
1310 2948 1378 2991 ejus
1410 2946 1571 2992 pabulum
1598 2972 1609 2988 ,
1643 2950 1802 2996 quoniam
1838 2950 1918 2986 cum

210 3008 348 3043 magnes
358 3009 424 3031 non
442 3001 551 3038 vivat,
573 3001 693 3044 pariter
708 2997 786 3031 vero
797 2998 1055 3043 nutririnequit.
1104 2997 1165 3030 Sed
1192 2996 1478 3043 quemadmodum
1498 2997 1661 3032 elementa
1680 3009 1861 3034 moventur
1871 2999 1915 3034 ad

210 3045 265 3080 sua
280 3047 350 3081 loca
363 3069 372 3084 ‚
391 3057 547 3094 tanquam
563 3049 601 3082 ad
615 3048 714 3082 finem
726 3051 759 3082 δε
772 3046 1036 3094 ρεῐὲοίὶίοηεῐης
1059 3047 1104 3080 ita
1122 3057 1257 3094 magnes
1272 3069 1282 3087 ‚
1300 3048 1378 3093 quia
1401 3044 1552 3083 servatur
1565 3046 1816 3087 scobibusferti,
1835 3048 1916 3099 55qu

209 3094 489 3144 yelutinuttitur,
514 3098 555 3131 ad
566 3095 692 3133 ferrum
712 3107 880 3137 movetur.

1781 3146 1912 3182 Verum
