2060 3444
581 160 962 234 philosophico·
977 155 1204 221 Pontica.
1622 178 1736 231 207
1767 135 1769 137 ¹

83 240 118 272 in
136 239 268 275 vditione
280 241 564 293 Wirtenbergenfi
583 258 650 279 non
667 245 766 294 longe
789 247 828 281 ab
849 246 973 294 oppido
992 248 1176 286 l’hotcena:
1197 247 1236 281 ad
1250 241 1409 282 'venetam
1420 245 1525 282 lacum
1541 248 1573 280 in
1586 244 1743 281 suburbio

87 287 280 338 Uberlmgo.
332 295 369 326 ln
382 295 552 329 Pannonia
564 293 761 329 inferioriad
776 296 974 336 Badium-ubi
985 295 1116 331 thermae
1129 297 1245 343 aliquae
1265 298 1309 330 ita
1322 297 1464 336 fervent,
1481 308 1519 331 ut
1530 295 1588 329 nisi
1604 294 1742 342 refrige-

85 348 210 378 rentur,
223 340 341 375 balneo
353 341 414 377 fint
428 341 648 379 inutiles,c1¹rm
661 345 694 378 in
704 357 753 378 eas
763 344 891 379 miss'um
902 356 1004 378 vovum
1019 357 1086 378 non
1098 345 1240 392 segnius,
1256 345 1352 390 quam
1364 347 1403 379 ad
1414 345 1616 379 luculentum
1630 346 1742 390 ignem

83 397 254 433 coquatur.
304 392 389 424 Idem
399 394 559 439 contingit
573 394 606 425 in
617 394 737 439 Baiano
747 393 828 431 (inu,
841 397 873 428 δι
883 394 923 427 ad
933 394 1100 427 Carunam
1114 394 1230 428 collem
1248 395 1371 433 Cariae,
1391 398 1425 429 &
1436 396 1469 428 in
1480 395 1591 439 Judaea
1604 393 1662 427 uiu
1673 392 1744 426 lon-

84 435 125 482 ge
134 436 175 469 ab
188 438 466 483 Asphaltitelacu.
524 442 648 486 Exquo
658 454 776 488 genere
791 443 836 475 el‘t
850 444 945 476 etiam
969 452 1053 488 aqua
1070 442 1172 477 fontis
1198 443 1366 483 ‘cujusdam
1384 446 1468 477 inter
1484 444 1666 476 Martinam
1682 440 1745 486 syl«

83 497 156 518 vam
175 489 392 527 &Rhenurm
416 488 471 522 ubi
482 489 595 533 injecta
605 490 760 525 animalia
771 491 883 538 glabra
900 491 1092 527 redduntur..
1146 491 1288 526 Puteolis
1302 492 1551 536 Tyrrhenorum
1572 491 1695 537 oppido
1710 502 1745 523 a-

84 545 150 580 qua
161 546 226 568 tam
237 536 379 576 fervens,
393 540 532 571 utetiam
546 537 720 584 plumbum
734 539 934 587 liquefaciat,
956 540 1036 573 'teste
1048 540 1166 577 Caelio.
1215 541 1366 586 Agricola
1384 544 1482 574 etiam
1501 551 1745 574 commemorat

83 583 237 618 defluvio
252 587 534 627 Atthamasdiisto,
558 588 913 634 quidecrelcenreluna'i
923 588 1003 622 adeo
1017 589 1178 624 incaleicit
1201 612 1210 626 ‚
1232 600 1269 622 ut
1286 587 1372 635 ligna
1394 588 1451 622 sibi
1471 591 1599 623 admota
1616 589 1745 624 inflam-

84 643 164 670 met.
217 634 252 670 P.
265 635 442 668 Cornelius
456 637 578 669 Hazart
590 638 625 669 in
638 636 700 671 suis
714 639 834 675 Annal.
853 649 934 685 part.
948 640 980 672 6.
994 639 1112 683 Japon.
1123 651 1152 674 c.
1170 637 1558 683 1'1.meminit1ulpliureae
1570 637 1695 683 paludis
1710 641 1744 671 in

81 684 217 728 regione
235 685 328 730 Ugen
346 685 432 718 dieta
445 708 455 721 ‚
481 684 535 717 ubi
559 696 644 731 aqua
661 688 742 720 adeo
762 683 953 733 penetrabili
970 686 1087 720 caloris
1102 689 1224 721 virtute
1233 689 1320 733 viget
1338 697 1349 730 3
1375 698 1411 719 ut
1427 698 1556 719 carnem
1572 686 1745 721 abossibus

83 729 177 765 breui
195 735 229 766 δε
243 730 338 765 facile
355 732 518 771 exsolvat,
545 745 609 766 tarn
629 745 714 768 terro
731 737 809 770 vero
831 739 864 770 &
880 736 1027 768 violento
1037 733 1158 769 foerore
1170 734 1334 769 imbutam
1348 736 1534 773 contineat,
1561 746 1596 769 ut
1608 738 1746 780 pecudes

86 781 237 826 proprius
248 782 434 815 accedentes
443 783 609 816 continuo
625 788 801 823 exanimet,
827 788 907 830 quin
919 784 998 830 iplas
1014 787 1111 817 etiam
1130 796 1203 818 aves
1216 783 1281 817 illic
1292 783 1557 830 praetervolantes
1568 787 1746 824 interimat,

82 830 129 861 Ex
142 828 291 876 opposito
308 832 385 863 vero
398 832 479 864 mire
492 830 635 866 salubres
646 833 874 867 Selenuntinas
892 845 990 880 aquas
1003 833 1119 866 calidas
1132 845 1171 865 ex
1187 833 1343 867 industria
1362 831 1513 866 deicribit
1528 834 1559 869 Ρ,
1571 833 1747 869 Kircherus

85 879 120 910 in
134 881 247 912 Mund.
267 877 403 912 lubterr.
416 878 472 913 lib.
486 891 515 924 ς.
530 882 605 917 ieet.
623 892 653 920 3.
667 895 694 915 c.
710 895 731 916 ι.
748 886 776 926 ξ.
791 884 822 919 8.
837 885 924 916 Inter
941 882 1221 915 caererasthermas
1230 880 1370 916 celebres
1382 880 1454 915 sunt
1466 880 1544 919 illae,
1566 894 1635 928 quae
1647 885 1679 915 in
1691 884 1747 916 Se-

81 926 259 960 lenuntinae
269 927 360 961 urbis
375 928 423 973 [in
434 930 556 975 Sicilia]
572 930 728 977 reliquiis,
755 934 852 964 bodie
864 930 970 975 Sejaca
981 941 1126 968 vocatur,
1153 930 1380 976 producuntur
1391 933 1544 964 varietate
1553 932 1749 971 admirabili,

82 975 240 1022 liquidem
251 978 284 1008 in
298 977 556 1011 medioaltiliimi
569 982 691 1013 montis
701 979 1002 1015 §.Colocerodicati
1014 981 1090 1012 varii
1104 980 1179 1012 hinc
1191 979 1266 1011 inde
1275 981 1427 1025 {pecuum
1439 979 1617 1024 labyrinthi
1633 993 1748 1014 occur-

85 1035 174 1061 runt,
200 1036 345 1071 quorum
357 1024 530 1064 aliiretstis.
555 1027 744 1062 transverfis
753 1029 806 1062 alii
818 1028 977 1062 cuniculis
990 1039 1100 1073 patent
1121 1037 1132 1071 ς
1157 1025 1209 1060 alii
1222 1031 1255 1062 in
1268 1029 1370 1062 imum
1379 1039 1469 1062 terrae
1480 1029 1654 1062 Tartarum
1669 1042 1749 1076 pro-

86 1072 273 1106 fundiffima
283 1077 441 1122 voragine
459 1078 686 1120 porriguntur,
739 1080 976 1111 Antruminter
993 1089 1121 1111 caeteros
1132 1076 1175 1110 est
1187 1076 1324 1114 vastum,
1350 1079 1384 1110 in
1409 1077 1500 1123 cujus
1515 1079 1623 1111 medio
1635 1090 1750 1124 puteus

86 1119 318 1166 profunditatis
329 1123 616 1160 immensae&viiu
628 1126 781 1160 horridus
796 1136 807 1174 ς
833 1127 883 1160 hic
894 1124 1074 1160 calentibus
1088 1126 1164 1158 hinc
1184 1126 1260 1159 inde
1275 1124 1529 1170 piuribuslcatet
1541 1129 1650 1164 venis,
1675 1140 1748 1173 quae

83 1181 123 1203 ex
132 1170 331 1206 diversarum
343 1185 553 1208 cavernatum
567 1175 735 1209 canalibus
750 1175 961 1214 relabuntur,
987 1187 1021 1208 ΞΕ
1035 1186 1170 1220 V²POreS
1192 1173 1285 1208 fimul
1295 1176 1428 1212 emittit,
1449 1181 1507 1220 qui
1518 1176 1557 1208 ad
1570 1174 1751 1221 supremam

83 1223 168 1253 antri
178 1225 496 1256 concamerationem
510 1222 651 1258 salubres
661 1227 803 1258 excitant
816 1223 1016 1259 intr-antibus
1026 1222 1242 1259 sudationem.
1294 1225 1378 1257 Sunt
1399 1225 1433 1256 in
1446 1223 1508 1257 hoc
1519 1236 1614 1258 antro
1629 1226 1751 1271 iypbo-

84 1279 155 1306 ῃεε,
180 1267 243 1302 five
255 1272 347 1310 artis,
371 1271 435 1304 sive
449 1283 570 1305 naturae
587 1273 746 1307 industria
767 1273 846 1307 faeti
864 1273 974 1307 calidis
986 1271 1098 1306 referti
1108 1271 1296 1317 vaporibus,
1324 1272 1552 1319 adquosyqui
1571 1276 1684 1319 capitis
1699 1276 1751 1307 in-

84 1320 253 1362 temperie,
277 1321 406 1354 aurium
417 1322 554 1359 tinnitu.
566 1334 601 1355 ac
610 1321 765 1356 surditate
774 1321 940 1358 laborant,
950 1321 1082 1356 auribus
1091 1321 1261 1367 applicatis
1273 1323 1393 1366 exiguo
1404 1331 1551 1367 tempore
1560 1323 1599 1354 ab
1610 1321 1751 1356 infirmi-

81 1367 202 1401 tatibus
221 1366 425 1416 liberantur3
448 1373 557 1404 nervis
578 1383 715 1418 quoque
729 1370 982 1406 corroborandis
1008 1369 1170 1416 prosunt;
1196 1372 1282 1405 unde
1301 1368 1423 1416 insigni
1443 1370 1654 1405 infirmorum
1674 1371 1753 1405 illuc

84 1428 208 1461 magno
227 1429 368 1452 nurnero
385 1418 624 1454 confluentium
637 1421 864 1455 emolumento
876 1418 1058 1456 visitantur.
1111 1422 1148 1453 ln
1175 1419 1309 1465 planitie
1326 1418 1422 1463 hujus
1441 1422 1578 1462 montis,
1605 1420 1664 1453 alia
1677 1432 1754 1453 mox

82 1477 249 1512 exurgunt
272 1468 490 1501 Thermarum
503 1480 621 1515 genera
635 1493 645 1508 ,
671 1473 705 1504 &
726 1472 812 1504 inter
826 1480 952 1504 caeteras
965 1481 1047 1515 aqua
1059 1467 1282 1515 limpidissima
1305 1469 1395 1502 mirae
1406 1467 1444 1502 ad
1455 1466 1633 1503 laxandum
1643 1467 1754 1504 alvum

80 1515 221 1550 virtutis.
248 1515 372 1553 Iteille.

179 1565 327 1606 Quaestio
340 1578 429 1601 nunc
439 1567 584 1603 versatur
595 1591 608 1612 ,
634 1578 780 1614 quonam
794 1565 896 1600 modo
908 1564 1092 1600 istiusmodi
1104 1577 1196 1613 aquae
1214 1565 1353 1600 calorem
1366 1563 1542 1603 alciscant?
1569 1566 1759 1600 Aristoteles

81 1611 99 1645 ὲ
110 1610 250 1646 fulmine
265 1619 440 1658 provenire
450 1619 599 1663 putavit3
626 1628 658 1649 at
671 1627 783 1648 contra
793 1615 850 1653 est,
876 1614 967 1661 quod
983 1614 1136 1649 fulminis
1148 1618 1196 1648 vis
1207 1615 1244 1649 fit
1256 1615 1421 1661 pestifera,
1446 1617 1594 1662 quisquis
1606 1619 1693 1647 enim
1711 1617 1762 1647 vi-

80 1672 163 1696 num
177 1664 335 1697 attonitum
349 1665 472 1700 biberit
486 1691 495 1706 ‚
521 1677 577 1700 aut
592 1666 763 1703 exanimis,
773 1675 828 1698 aut
838 1676 949 1697 amens
959 1664 1120 1699 redditur.
1147 1675 1239 1708 aqua:
1251 1663 1328 1697 vero
1341 1663 1449 1699 calida·
1461 1667 1697 1700 communiret,
1725 1674 1761 1697 ut

75 1712 278 1758 experientia
295 1714 391 1748 docet
414 1738 425 1753 ,
451 1714 593 1749 salubres
604 1712 692 1751 sunt.
776 1713 912 1747 Accedit
929 1735 940 1750 ‚
966 1711 1056 1758 quod
1068 1711 1171 1746 multa
1183 1711 1254 1745 loca
1267 1711 1347 1750 lint,
1372 1725 1444 1760 quae
1461 1725 1632 1759 nunquam
1647 1710 1759 1745 fulmi-

82 1773 165 1794 num
177 1762 278 1794 ictum
294 1762 540 1811 persenlerunt3
566 1774 737 1809 nunquam
747 1765 836 1796 enirn
847 1764 997 1809 quinque
1010 1761 1146 1807 pedibus
1158 1760 1255 1795 altius
1274 1762 1450 1797 descendit,
1486 1761 1763 1805 Aliiexistimant‚

83 1821 220 1844 ventum
235 1813 268 1844 in
283 1823 374 1846 terrae
386 1812 504 1847 viscera
518 1811 711 1859 impulsum,
737 1810 987 1846 &verberatum
1005 1809 1158 1848 calefieri,
1178 1821 1280 1856 atque
1302 1812 1337 1844 in
1359 1809 1582 1844 subterraneas
1599 1821 1698 1855 aquas
1711 1811 1764 1841 in-

84 1858 295 1893 cumbentem
309 1860 402 1895 suum
417 1862 481 1896 illis
495 1862 637 1896 calorem
647 1862 905 1896 communicare.
946 1858 1070 1892 Verum
1081 1870 1193 1892 contra
1207 1859 1251 1892 est
1267 1871 1295 1893 ι.
1306 1881 1316 1896 ,
1342 1861 1432 1905 quia,
1459 1859 1532 1892 cum
1547 1869 1676 1896 ventus,
1708 1859 1766 1891 ubi

83 1919 177 1954 aquae
189 1911 289 1946 viam,
313 1909 381 1957 quii
401 1922 592 1958 erumpant,
617 1908 786 1947 invenere,
813 1906 987 1942 confestim
1000 1906 1122 1943 evolet,
1149 1906 1311 1953 liquidem
1333 1909 1462 1940 tenuior
1486 1912 1519 1941 δε
1536 1906 1685 1940 subtilior
1697 1907 1762 1945 est,

84 1959 185 2004 quam
199 1970 284 2004 aqua
299 1967 311 2004 5
338 1957 524 2007 lequeretut
535 1983 546 1999 ‚
571 1972 640 1994 non
654 1957 742 2004 poffe
759 1968 859 2004 aquas
875 1955 1097 1990 subterraneas
1111 1956 1166 1989 diu
1184 1955 1326 1989 caiorem
1338 1954 1462 1990 servare
1473 1979 1482 1991 ‚
1508 1959 1575 1999 ejus
1589 1956 1679 1989 causa
1692 1968 1765 1990 eva-

83 2010 245 2045 nelcente.
295 2010 456 2050 Secundo,
467 2011 546 2057 quia
560 2019 677 2042 ventus
694 2019 762 2041 non
774 2009 903 2040 tantum
918 2007 1021 2038 mittit
1039 2003 1155 2038 caloris
1169 2028 1177 2044 ‚
1202 2016 1238 2038 ut
1254 2017 1292 2037 eo
1311 2017 1405 2052 aquae
1416 2005 1534 2052 poffin:
1545 2003 1765 2038 effervescere.

85 2056 235 2090 Sennerti
246 2055 403 2092 sententia
415 2058 480 2099 est,
505 2058 648 2092 calorem
669 2056 804 2091 inducia
819 2054 945 2089 duabus
967 2055 1059 2099 aquis
1078 2053 1194 2087 natura
1205 2052 1258 2087 ma
1271 2053 1400 2100 frigidis
1411 2078 1420 2092 ,
1446 2053 1543 2088 sedin
1554 2052 1712 2087 concursu
1724 2052 1769 2087 ob

86 2104 262 2149 spirituum
282 2110 533 2154 repugnantiam
554 2105 835 2141 incalescentibus.
886 2103 998 2139 Simile
1013 2104 1093 2150 quid
1106 2102 1297 2137 oblervatur
1309 2106 1343 2137 in
1359 2103 1434 2137 oleo
1449 2105 1581 2141 tartari,
1610 2103 1769 2148 &spiritu

91 2153 232 2197 vitrioli;
249 2155 338 2190 idem
348 2169 439 2205 aquae
451 2155 725 2195 fortis,&tartari
740 2178 750 2193 ‚
770 2154 902 2198 butyri,
926 2154 1104 2186 antimonii
1119 2175 1127 2189 ‚
1152 2155 1184 2186 δι
1199 2150 1328 2198 spiritus
1341 2152 1584 2189 nitrimistura‚
1612 2150 1771 2197 quaelicet

87 2203 128 2235 ad
139 2204 259 2238 tastum
270 2203 389 2252 frigida
400 2229 410 2244 ,
437 2204 458 2239 fi
470 2219 579 2240 tamen
595 2203 790 2239 misceantur
801 2227 810 2241 ,
837 2201 1038 2237 incalescunt
1049 2224 1059 2240 ,
1089 2205 1121 2235 δέ
1132 2201 1267 2247 quidem
1281 2204 1322 2234 ita
1338 2226 1347 2240 ‚
1372 2214 1408 2236 ut
1421 2201 1441 2235 si
1454 2200 1686 2252 repenteaquae
1698 2198 1771 2233 for-

89 2253 126 2288 ti,
154 2255 188 2285 iu
201 2265 266 2298 qua
278 2252 403 2289 fetrum
416 2255 556 2290 solutum
569 2253 739 2293 est,oleum
755 2255 866 2287 tartari
876 2250 1073 2286 infundatur
1087 2275 1097 2289 ,
1120 2263 1187 2283 non
1197 2249 1301 2283 solum
1314 2252 1375 2284 hoc
1385 2251 1537 2289 ebulliat,
1571 2250 1622 2284 {ed
1633 2254 1666 2284 &
1678 2249 1771 2282 flam-

91 2311 178 2333 mam
190 2304 362 2348 concipiat.
415 2305 537 2339 Placuit
549 2304 635 2342 aliis,
647 2315 744 2350 aquas
755 2313 837 2336 terra
847 2301 985 2335 inclusas
996 2300 1087 2334 radio
1100 2299 1183 2333 Solis
1193 2299 1343 2338 ¹:alefierh
1356 2299 1408 2334 sed
1427 2301 1443 2334 a
1459 2311 1537 2334 vero
1548 2299 1611 2333 hoc
1626 2299 1771 2332 alienum

92 2348 152 2386 est·
176 2359 245 2384 tum
257 2354 334 2396 quia
347 2353 401 2387 Sol
415 2366 484 2388 non
496 2365 622 2388 tantam
634 2354 672 2387 ad
686 2349 1024 2386 calefaciendumvim
1036 2348 1178 2385 obtinet,
1204 2360 1239 2382 ut
1254 2351 1351 2383 eriam
1369 2351 1404 2384 in
1424 2361 1637 2382 cavernarum
1656 2347 1772 2381 altitu-

92 2397 202 2432 dinem
214 2398 254 2433 ad
263 2400 400 2436 latentes
417 2415 516 2451 aquas
528 2400 720 2437 tamintensi
735 2399 854 2434 caloris
864 2399 985 2433 effectu
1003 2399 1158 2444 pervadat
1173 2406 1184 2443 ς
1212 2408 1281 2431 tum
1295 2400 1372 2445 quia
1382 2397 1584 2444 sequeretur,
1601 2396 1772 2431 absceden-

91 2456 123 2479 te
137 2459 192 2491 per
204 2448 350 2492 hyemem
362 2451 435 2485 Sole
446 2477 455 2490 ‚
481 2453 645 2500 ejusmodi
660 2452 868 2495 scaturigines
878 2446 990 2482 minus
1001 2446 1118 2480 calidas
1138 2447 1216 2483 esse,
1243 2447 1343 2493 quarn
1354 2447 1473 2486 aestate,
1500 2448 1590 2493 quod
1611 2457 1709 2493 negat
1719 2457 1775 2478 ex-

91 2498 261 2539 perientia.
289 2500 431 2535 Demum
446 2501 525 2535 calci
538 2499 751 2535 subterranea:
762 2502 903 2532 calorem
913 2508 1004 2543 aquae
1016 2494 1184 2540 adscripsit
1197 2497 1426 2538 Democritus,
1444 2497 1498 2531 sed
1511 2500 1646 2544 ignarus
1654 2504 1774 2541 aquam

91 2544 109 2578 ὲ
119 2544 206 2581 calce
220 2558 288 2579 non
300 2548 452 2587 calefieri.
477 2548 536 2584 nili
548 2548 638 2596 prius
652 2551 729 2597 igne
741 2547 932 2582 fitexcocka.
984 2547 1098 2590 Quare
1114 2544 1152 2578 fit

192 2593 370 2631 Conclusio
383 2597 535 2633 secunda.
561 2601 670 2645 Aquas
685 2597 755 2632 sinu
766 2608 856 2631 terrae
867 2597 1015 2629 conditas
1025 2593 1170 2628 calefieri
1183 2604 1252 2627 rum
1263 2591 1280 2626 a
1294 2593 1400 2629 calore
1411 2605 1503 2629 terrae
1517 2595 1631 2627 nativo
1644 2590 1705 2624 five
1716 2602 1778 2624 ex-

92 2641 319 2679 halationibus
336 2650 369 2680 &
382 2646 548 2693 spiritibus
558 2647 694 2696 calidi53
719 2645 984 2692 tumabignibus
1001 2643 1218 2678 lubterraneis
1231 2666 1240 2682 ‚
1267 2653 1322 2687 per
1338 2656 1421 2691 quos
1433 2654 1589 2690 aquarum
1611 2651 1774 2674 transcur-

91 2692 144 2725 sus
154 2693 211 2730 est,
240 2704 310 2728 turn
323 2698 418 2730 etiam
432 2697 447 2731 a
459 2699 594 2731 materia
606 2696 789 2743 praecalida.
845 2696 945 2729 Ratio
957 2693 1015 2731 est,
1041 2695 1119 2740 quia
1128 2691 1254 2725 constat
1271 2702 1384 2731 terras,
1411 2695 1444 2727 in
1460 2690 1579 2737 quibus
1591 2689 1777 2742 iideHuitus

91 2739 255 2780 visuntur,
282 2742 448 2780 abundare
459 2748 545 2792 ignis
557 2745 690 2790 fomite,
708 2757 745 2779 ur
759 2743 957 2790 sulphure&
977 2741 1152 2780 bitumine,
1168 2745 1202 2775 &
1216 2742 1507 2777 interiusaestuaffi
1520 2750 1577 2772 aut
1589 2739 1778 2772 inardeice-

92 2801 138 2826 re.
194 2793 287 2826 Unde
305 2797 338 2827 &
361 2793 528 2840 aliquibus
544 2795 669 2830 inlocis
679 2806 778 2841 aquas
788 2792 905 2827 calidas
915 2790 1142 2825 eructantibus
1157 2813 1167 2829 ‚
1199 2789 1257 2824 tali
1271 2789 1403 2825 materia
1412 2787 1565 2822 exhausta
1575 2787 1779 2821 thermarum

91 2850 183 2886 aquae
197 2840 412 2877 refrixerunt.
461 2845 530 2878 Nec
544 2842 618 2878 sane
629 2843 701 2878 ullo
713 2844 813 2877 modo
824 2852 896 2875 toto
906 2843 985 2874 anni
997 2851 1144 2888 tempore
1161 2850 1251 2873 tanta
1270 2850 1429 2886 aquarum
1453 2839 1500 2870 vis
1513 2837 1654 2891 calorem
1667 2839 1776 2870 lerva-

91 2899 154 2927 ret,
181 2889 240 2924 nifi
251 2903 325 2925 eum
337 2891 376 2925 ab
387 2889 471 2925 hisce
482 2892 580 2928 caulis
591 2904 794 2928 mutuarent.
847 2893 960 2932 Quare
975 2889 1067 2924 valde
1077 2887 1247 2935 probabile
1259 2888 1316 2924 est,
1346 2898 1444 2933 aquas
1454 2885 1572 2919 calida
1581 2897 1616 2918 ac
1628 2885 1774 2919 thermas

91 2936 109 2971 a
124 2940 286 2983 praedic'tis
295 2940 394 2975 c'aufis
407 2953 476 2975 non
491 2940 577 2976 secus
595 2954 630 2976 ac
641 2942 680 2976 ab
690 2937 947 2990 ignesuppofito
957 2935 1305 2973 cacabosincalescere.
1357 2933 1551 2969 Declaratur
1568 2946 1619 2968 res
1638 2933 1775 2968 ulterius

93 2987 267 3033 exemplo:
293 3003 375 3037 aqua
387 2988 465 3025 salsa
475 2991 597 3036 argillae
607 2991 790 3028 misceatur,
818 2988 942 3033 fiatque
955 3000 995 3022 ex
1005 2982 1396 3035 argillavellimoglobus
1415 3007 1424 3021 .
1465 2986 1522 3030 qui
1544 2985 1631 3018 intus
1642 2995 1779 3018 excave-

94 3045 161 3073 tur,
186 3037 384 3087 orificioque
395 3041 513 3073 iterum
526 3039 643 3086 argilla
656 3039 828 3074 obstru&o
837 3040 867 3071 ei
877 3036 984 3072 fistula
997 3036 1134 3085 angusta
1150 3034 1281 3068 indatur
1292 3056 1302 3071 ‚
1327 3031 1510 3080 globusque
1522 3035 1590 3079 igni
1603 3033 1780 3066 admovea-

94 3093 172 3132 ται-ς
197 3086 302 3123 fistula
320 3088 361 3123 ab
380 3090 456 3135 igne
473 3089 610 3136 aversig
627 3090 680 3123 hic
693 3088 750 3124 ubi
766 3086 936 3122 incaluerit
949 3109 959 3126 ,
991 3098 1046 3133 per
1057 3082 1196 3120 fistulam
1214 3092 1298 3128 aqua
1309 3081 1410 3116 calida
1429 3095 1469 3116 ex
1479 3093 1514 3115 ea
1523 3079 1644 3118 effluit,
1695 3080 1778 3113 Non

90 3133 321 3182 improbabilis
331 3140 432 3174 etiam
446 3138 565 3173 modus
574 3138 632 3174 est.
656 3150 755 3186 quem
767 3140 962 3173 Honoratus
972 3134 1072 3170 Faber
1090 3130 1260 3169 observat:
1287 3130 1569 3178 quemadmodum
1589 3132 1780 3223 enimriagffl:
