2060 3444
250 171 332 243 46
876 160 1256 232 Meteorologia

352 252 534 288 Conclusio
547 249 697 285 secunda.
748 246 856 283 Causa
866 247 946 283 vero
956 271 967 287 ,
992 259 1066 295 quae
1080 243 1245 280 accensam
1257 243 1501 279 exhalationem
1515 251 1649 289 torquet
1659 264 1671 281 ,
1695 240 1846 277 deorsum
1858 263 1867 279 ‚
1894 230 1940 274 est

259 303 437 349 impulsus,
462 313 559 348 quem
571 300 704 333 flamma
720 297 926 336 rarescendo,
953 300 1082 332 &intra
1095 294 1193 330 nubis
1211 294 1374 340 angustias
1386 292 1563 339 compresse
1581 293 1698 337 recipit
1713 290 1939 333 anube,cujus

254 352 356 386 latera
369 354 489 399 quatit,
515 354 548 384 &
561 348 813 395 poffitevadere.
864 347 963 381 Unde
992 345 1034 380 fic
1058 346 1226 391 contingit
1244 347 1396 390 generari
1418 344 1564 379 fulmen:
1592 340 1814 375 exhalationes
1827 338 1938 373 multa:

253 400 435 446 sulpliureae
447 412 482 433 ac
493 396 622 432 nitrosae
634 395 781 432 nubibus
793 398 967 433 immixtae,
994 396 1119 442 frigore
1133 393 1268 429 tandem
1282 395 1315 426 δε
1326 391 1585 427 condensatione
1605 392 1737 436 vaporis
1756 394 1790 424 in
1810 401 1935 439 unum-³

254 449 461 498 conglobata·
476 471 485 487 ,
512 447 684 481 flammam
694 447 907 492 concipiunt,
925 447 959 479 δε
969 444 1109 479 collecto
1118 446 1245 489 impetu
1255 452 1346 480 extra
1356 441 1455 477 nubis
1465 440 1629 489 angustias
1640 442 1671 472 se
1686 438 1831 474 claustris
1840 439 1934 472 estra‘

252 502 314 534 <stis
326 499 475 543 ejiciunt„
717 536 720 540 .
865 537 868 540 ξ
1022 538 1025 540 η
1556 539 1558 541 Ι
1775 522 1778 523 ⁷

337 550 407 582 Nec
428 548 551 580 mirum
563 541 788 582 videridebe't‚
813 541 905 590 quod
916 550 1009 577 tanto
1023 545 1150 588 impetu
1163 537 1330 575 exhalatio
1343 539 1397 574 illa
1407 539 1537 574 accensa
1556 537 1682 572 feratur
1701 560 1710 576 ‚
1734 538 1868 582 quando
1882 539 1935 570 in·

253 599 344 632 venir
360 594 576 630 resistentiam
585 593 682 629 nubis
694 592 879 629 substantiae
897 590 956 625 sibi
969 603 1139 626 contrariae
1159 613 1169 628 ,
1195 588 1467 637 quandoquidem
1486 587 1623 623 fimilem
1642 587 1730 633 apud
1744 599 1804 620 nos
1815 585 1937 620 habea-

252 657 328 680 mus
337 648 573 691 e'xpcrie'ntiam
584 645 623 678 de
635 644 772 690 pulvere
786 644 1007 676 tormentatio
1020 644 1106 676 intra
1118 639 1338 674 bo‘mbardam
1350 638 1401 673 vel
1410 639 1568 677 chartam,
1594 638 1644 671 vel
1655 636 1744 671 aliud
1763 647 1880 682 corpus
1899 649 1934 670 e-

251 697 404 740 ruptioni
418 692 720 730 tefistensincenso,
772 689 889 726 Solum
906 688 1039 725 difficile
1048 700 1205 738 apparet,
1232 688 1403 736 quomodo
1421 686 1525 722 nubes
1535 686 1655 732 poffint
1672 686 1845 732 tantopere
1858 684 1935 719 resi.

250 744 334 778 stete
346 768 355 783 ‚
383 744 462 779 c'u'rn
478 757 546 779 non
558 740 804 779 videantutesse
817 752 884 775 tam
893 738 1071 775 difficulter
1081 737 1310 787 permeabiles.
1361 737 1423 772 Sed
1434 736 1499 770 haec
1511 735 1690 771 difficultas
1704 735 1797 769 facile
1817 734 1933 769 refun-

251 794 342 826 ditur
356 796 390 828 in
400 793 577 841 qualitates
595 793 790 829 contrarias,
816 789 918 825 'nubis
930 789 1059 838 frigidae
1069 802 1140 823 curn
1151 786 1365 835 qualitatibus
1377 786 1595 821 exhalationis
1604 785 1716 820 calidae
1725 790 1759 822 ὃ(
1773 784 1935 836 accensae3

246 853 335 889 patet
346 842 442 887 hujus
451 845 571 878 veritas
582 841 829 876 abinduetione
846 838 987 874 aliorum
998 842 1181 874 mixtorum
1193 841 1279 872 inter
1298 835 1328 872 se
1337 839 1607 872 contrarietatem
1627 836 1710 870 adeo
1730 837 1934 882 pervicacem

250 896 450 932 exercentia,
476 901 513 927 ur
524 895 621 926 ‘triam
636 888 837 925 motulocali
848 892 1022 924 inimicum
1040 887 1243 935 diffugiant3
1271 885 1312 921 fic
1324 886 1492 933 salinigne
1503 885 1740 921 saltat&exilit
1754 896 1766 930 3
1779 885 1932 920 stannum

248 953 317 974 non
336 939 739 989 purgatumintusaaqufi,
767 941 849 974 dum
862 937 1030 986 liquescit,
1051 950 1143 973 extra
1159 939 1375 984 vaserumpit.
1429 938 1478 969 lta
1489 939 1588 969 etiam
1599 935 1934 979 S.Hierouym.Pro-

244 988 338 1025 verb.
353 1002 490 1039 25.cap.
509 1003 561 1027 ιο.
575 993 706 1037 inquit:
735 991 862 1023 nitrum
886 990 1046 1034 crepitare
1065 1000 1102 1022 in
1121 995 1229 1035 aqu23
1254 986 1334 1021 ficut
1348 985 1421 1021 calx
1439 988 1535 1028 viva;
1561 983 1640 1019 ficut
1656 989 1692 1019 ὃ(
1711 986 1798 1019 idem
1815 985 1934 1022 balmi-

243 1050 333 1074 trum
346 1043 381 1075 in
391 1043 480 1089 igne.
532 1038 604 1076 Nec
618 1040 659 1074 ad
669 1039 838 1074 edendum
848 1036 964 1072 sonum
975 1050 1098 1085 corpus
1107 1038 1226 1072 durum
1239 1035 1417 1084 necessario
1427 1035 1621 1082 requiritur,
1646 1047 1722 1069 nam
1734 1046 1859 1069 certum
1873 1038 1931 1076 est,

242 1101 287 1123 ne
298 1091 434 1137 quidem
446 1091 619 1137 strepitum
635 1089 793 1123 tormenti
807 1088 824 1122 -21
835 1087 957 1122 duritie
966 1086 1104 1126 metalli,
1130 1086 1322 1134 procedere,
1345 1085 1400 1119 sed
1410 1083 1451 1118 ab
1463 1087 1589 1130 impetu
1607 1090 1814 1130 erumpente,
1824 1088 1857 1119 ὃ(
1871 1090 1928 1122 in„

242 1141 389 1173 vicinum
399 1143 508 1174 aetem
521 1143 715 1174 incurrente
739 1161 750 1176 ‚
774 1136 919 1184 cumque
929 1137 1110 1183 disjicienre
1121 1160 1132 1176 ,
1158 1145 1236 1171 nam
1251 1137 1340 1173 idem
1354 1132 1500 1169 bombus
1510 1135 1644 1170 auditur
1661 1136 1848 1169 seuaeneum
1862 1137 1932 1173 fit„

242 1198 463 1228 tormentum,
490 1186 544 1223 seu
555 1187 716 1225 ferreum,
742 1187 797 1221 seu
807 1195 992 1223 coraceu‘m.
1469 1228 1472 1230 v
1764 1226 1766 1229 v

325 1238 427 1272 Instat
442 1246 552 1272 tamen
561 1238 667 1271 adhuc
680 1236 826 1272 Bodinus
834 1234 896 1274 lib.
909 1248 946 1274 2.
958 1237 1094 1274 theatri,
1118 1233 1242 1270 nubem
1254 1233 1330 1269 cum
1345 1232 1562 1273 fitrarissima,
1585 1238 1620 1269 &
1630 1230 1813 1268 admodum
1825 1235 1927 1275 fluxa,

238 1293 309 1321 'non
324 1285 413 1335 posse
428 1286 559 1321 tantum
570 1286 713 1321 flami-nae
729 1288 891 1332 impetum
904 1287 1107 1332 imprimere,
1132 1295 1169 1320 ut
1182 1283 1309 1319 summa
1319 1286 1353 1318 vi
1369 1287 1609 1331 torqueaturin
1621 1292 1759 1319 tereatn.
1775 1284 1932 1332 Respon-

241 1338 319 1377 deo,
343 1337 376 1371 id
387 1336 458 1371 fieri
471 1337 512 1370 ad
522 1337 714 1371 evitandam
732 1337 1020 1384 penetrationem3
1047 1347 1126 1369 nain
1151 1334 1318 1370 exhalatio
1339 1336 1373 1368 in
1393 1332 1572 1381 angustum
1591 1332 1863 1381 anubeundique
1875 1336 1931 1370 sti·

237 1396 338 1433 pante
350 1387 537 1424 contracta,
561 1390 596 1421 &
607 1386 727 1420 deinde
739 1395 808 1419 tota
817 1382 912 1419 simul
921 1384 1140 1432 inflammata,
1166 1391 1231 1418 tam
1247 1383 1345 1418 celeri
1355 1383 1487 1417 rarescit
1497 1391 1604 1422 motu,
1630 1394 1667 1418 ut
1678 1384 1795 1417 vicinae
1804 1397 1840 1418 ac
1850 1397 1931 1419 con-

240 1437 340 1480 tiguae
353 1437 442 1483 ignis
452 1446 559 1482 partes
571 1434 662 1469 tanta
672 1433 887 1469 festinatione
900 1435 1014 1468 cedere
1031 1432 1160 1468 illinon
1172 1433 1302 1469 valeant
1310 1445 1345 1467 ac
1355 1431 1530 1479 diffugere,
1557 1433 1639 1479 quin
1658 1432 1789 1466 flamma
1803 1435 1929 1480 punem

238 1483 309 1518 fere
321 1487 481 1531 temporis
489 1490 555 1519 'tam
566 1484 666 1519 latam
678 1484 846 1531 postulans
855 1482 1092 1530 expansionem
1111 1495 1181 1519 non
1193 1483 1325 1518 sentiat.
1353 1481 1384 1517 se
1394 1483 1610 1517 vehementer
1624 1483 1724 1517 etiam
1741 1485 1845 1527 premi
1859 1507 1869 1523 ,
1893 1496 1930 1519 ac

237 1534 382 1579 proinde
396 1536 433 1568 in
443 1532 568 1569 nubem
579 1533 645 1581 jam
656 1546 796 1582 aquearn
811 1556 822 1572 ,
862 1536 897 1567 ¹&
909 1546 1044 1579 gravem
1054 1534 1404 1580 incurrensimpeturn
1412 1532 1562 1578 accipiat,
1587 1542 1658 1578 quo
1677 1534 1712 1566 in
1727 1542 1847 1568 terram
1859 1530 1927 1568 fer-

233 1592 301 1617 tur.
1788 1596 1791 1599 ’

334 1628 466 1667 Deinde
477 1632 554 1667 licet
571 1633 660 1678 ignis
672 1635 706 1667 ὃς
721 1631 852 1666 flamma
865 1631 983 1668 natura
1001 1629 1057 1667 sui
1069 1630 1196 1668 sursum
1212 1633 1373 1670 tenderet,
1400 1623 1441 1668 ab
1452 1629 1604 1679 opposita
1613 1638 1726 1665 tamen
1739 1625 1827 1668 nube
1838 1630 1924 1679 cras·-

234 1678 319 1715 fiore
331 1681 484 1716 deorsum
506 1681 689 1728 impellitur
715 1704 726 1719 ,
752 1681 874 1716 nubem
888 1682 967 1720 vero
978 1680 1137 1728 superiori
1151 1693 1241 1728 parte
1251 1680 1435 1718 crassiorem
1451 1686 1555 1726 major
1565 1682 1581 1716 a
1593 1682 1692 1715 radiis
1700 1682 1831 1717 reflexis
1843 1681 1928 1717 Solis

233 1730 390 1764 distantia
406 1730 499 1770 facit,
525 1730 714 1777 quaesrigus
726 1730 899 1769 intensius,
917 1735 951 1766 ὅ(
964 1731 1027 1765 hoc
1038 1734 1194 1774 majorem
1207 1731 1651 1771 partiumcondensarionern
1664 1735 1783 1769 causat.

331 1781 466 1823 Qiaeres
477 1792 602 1825 tamen,
628 1792 741 1815 utrum
753 1784 865 1814 omnia
876 1779 1019 1815 fulmina
1031 1779 1261 1818 descendant?
1286 1779 1489 1828 Respondeo
1507 1807 1519 1828 ‚
1546 1783 1771 1815 communiter
1789 1778 1924 1815 descen-

231 1828 309 1863 dere
320 1827 489 1867 drorfflm,
516 1827 590 1862 εὐτυ
602 1828 759 1863 nubesob
770 1830 891 1863 difflatu
903 1829 1028 1864 causam
1040 1832 1374 1865 communiterrarior
1386 1829 1423 1864 fit
1432 1833 1466 1864 in
1477 1839 1567 1877 parre
1578 1829 1731 1864 inferiori
1767 1829 1918 1876 aliquan-

231 1878 276 1912 do
286 1889 400 1912 tamen
414 1880 541 1912 sursum
554 1876 738 1916 ascendere,
765 1879 902 1924 quando
919 1877 1041 1912 scilicet
1053 1877 1097 1912 ob
1107 1877 1185 1914 alias
1195 1880 1457 1914 circumstantias
1467 1884 1647 1926 contingit,
1674 1891 1709 1913 ut
1727 1879 1830 1913 nubes
1839 1880 1922 1913 rari-

231 1940 270 1961 or
278 1925 318 1961 fit
329 1941 368 1961 ex
380 1939 470 1974 parte
484 1927 656 1973 superiori,
684 1929 718 1960 in
730 1939 794 1973 qua
809 1938 889 1960 runc
901 1926 1078 1974 frangitur.
1829 1971 1832 1973 Α

328 1974 509 2011 Conclusio
519 1978 626 2021 tertia.
678 1973 815 2010 Fulmen
828 1977 995 2010 ordinarie
1005 1976 1178 2024 irregulari
1189 1987 1282 2012 motu
1294 1978 1329 2012 δέ
1342 1971 1479 2025 oblique
1492 1976 1655 2015 defertur.
1680 1972 1783 2013 Ratio
1798 1977 1843 2012 est
1855 1978 1923 2024 pti-

233 2024 304 2064 mo,
329 2028 407 2072 quia
418 2027 503 2072 ignis
516 2025 569 2057 hic
582 2023 626 2072 ob
637 2023 853 2058 subtilitatem
864 2025 953 2059 suam
967 2022 1314 2061 facilearectoitinere
1332 2030 1507 2063 avertitur.
1530 2028 1695 2067 Secundo,
1723 2029 1801 2073 quia
1815 2027 1923 2071 ipsum

227 2075 393 2117 sequitur,
422 2073 582 2121 praeirigue
595 2072 716 2107 halitus
731 2073 892 2119 plurimus
905 2078 938 2108 &
950 2074 1047 2108 flatus
1058 2074 1293 2120 conglobatus,
1317 2089 1388 2120 quo
1398 2078 1432 2109 in
1444 2078 1548 2109 varias
1560 2087 1665 2121 partes
1675 2075 1787 2113 resilit,
1815 2087 1852 2110 ut
1862 2085 1921 2109 a'n-

229 2126 364 2158 notavit
381 2127 430 2157 M.
443 2122 597 2156 Alberrus
608 2124 722 2157 intrat.
733 2122 772 2155 de
784 2121 928 2155 fulmine
940 2133 973 2155 ca
981 2133 1013 2167 p.
1026 2133 1041 2157 ι
1054 2135 1061 2156 ι
1072 2147 1082 2157 .
1109 2122 1273 2166 Analogia
1289 2123 1405 2168 praesto
1415 2121 1504 2155 estin
1514 2131 1599 2169 aqua
1607 2135 1647 2156 ex
1658 2121 1788 2156 sublimi
1799 2130 1920 2161 turre..

227 2171 375 2210 demissa,
403 2183 475 2218 qua’
489 2170 627 2206 subinde
640 2172 727 2205 viam
742 2169 910 2217 obliquat.
960 2169 1092 2210 Tertio,
1121 2172 1200 2217 quia
1211 2171 1289 2218 saepe
1307 2171 1461 2205 exlatere
1472 2165 1570 2205 nubis
1579 2169 1714 2219 oblique
1729 2175 1893 2206 excutitur
1906 2197 1918 2213 ,

227 2220 251 2256 si
265 2219 426 2255 nimirum
441 2219 522 2254 illud
532 2217 655 2253 rarirus
665 2219 722 2255 est.
773 2219 906 2261 Quarto
918 2218 1064 2266 denique
1078 2243 1087 2259 ,
1112 2230 1148 2253 ut
1160 2220 1254 2253 docet
1266 2220 1384 2254 Seneca
1395 2219 1455 2255 lib.
1467 2231 1500 2255 2.
1512 2227 1620 2255 natur.
1644 2220 1759 2266 quaest,
1777 2232 1848 2267 cap,
1860 2225 1920 2261 28³

226 2273 306 2318 quia
315 2280 436 2304 natura
448 2271 533 2317 ignis
543 2267 669 2302 sursum
681 2278 787 2306 vocat,
813 2270 875 2307 vis,
900 2267 994 2316 quae
1006 2267 1094 2302 nube
1102 2268 1250 2315 dejestus
1264 2267 1341 2317 fuit,
1369 2272 1404 2304 δε
1427 2268 1650 2304 exhalationis
1668 2270 1845 2304 crassitudo
1861 2271 1917 2306 de-

227 2318 337 2354 orsum
350 2320 495 2366 premit;
532 2327 634 2364 atque
646 2319 704 2356 ita,
729 2317 810 2351 dum
820 2326 937 2352 neutra
948 2320 996 2352 vis
1009 2318 1104 2352 alteri
1117 2318 1214 2356 cedit,
1241 2319 1347 2353 media
1358 2318 1423 2356 via,
1447 2315 1483 2352 id
1497 2318 1557 2357 est,
1581 2315 1718 2366 oblique
1732 2317 1917 2357 fei-tundo-

226 2381 287 2404 nec
297 2368 388 2402 viCto
401 2371 489 2414 ignis
499 2374 622 2401 conatu
634 2367 672 2400 ad
686 2365 974 2411 terrasbdescendit.
1026 2370 1110 2409 Quae
1119 2367 1210 2401 causa
1221 2368 1279 2408 est,
1306 2380 1362 2402 cur
1375 2379 1493 2407 turres,
1518 2369 1554 2403 δε
1563 2367 1627 2403 alra
1639 2371 1807 2402 cacumina
1826 2371 1919 2415 laepi-

227 2418 265 2453 us
274 2416 384 2454 feriat,
408 2414 508 2463 quam
521 2427 593 2464 quae
606 2417 640 2449 in
651 2414 772 2451 humili
785 2414 862 2450 loco
872 2412 1053 2451 consistunt
1063 2440 1072 2455 ,
1099 2418 1190 2465 juxta
1211 2421 1345 2456 tritum:
1374 2418 1778 2464 Feriuntfizmmosfulmina
1787 2428 1913 2454 montes.

226 2465 317 2501 Cum
326 2467 415 2500 enim·
426 2463 706 2513 perpendicularis
717 2467 842 2514 quippe
851 2464 868 2499 ὲ
877 2465 963 2500 coelo
973 2469 1082 2505 unica,
1106 2467 1146 2500 ad
1157 2465 1257 2503 latera
1267 2467 1358 2507 veto,
1382 2465 1437 2502 seu
1446 2467 1653 2502 diametrales
1662 2468 1736 2502 duci
1746 2467 1914 2515 possunt„

225 2526 421 2553 innumerae.
1080 2555 1082 2557 ‚
1331 2556 1333 2558 ι
1413 2556 1416 2559 ι

325 2566 481 2607 Quaeres:
507 2564 540 2599 iu
554 2577 622 2612 quo
634 2565 824 2603 conveniat,
850 2566 927 2599 &in
941 2576 1009 2613 quo
1018 2563 1150 2600 differat
1163 2558 1291 2600 fulmen
1304 2562 1536 2605 {bombardin
1559 2569 1594 2602 &
1603 2564 1779 2601 fulmineis
1791 2559 1912 2601 nostris

228 2611 438 2648 tormentis?
464 2626 538 2661 quae
549 2625 625 2649 ante
636 2625 801 2649 trecentos
822 2614 922 2660 paulo
939 2617 1048 2648 minus
1066 2626 1170 2648 annos
1187 2617 1315 2652 invenit
1333 2612 1530 2649 Bettholdus
1542 2616 1676 2663 quidam
1687 2613 1874 2651 Scurrarsus
1898 2639 1910 2654 ,

226 2663 415 2697 Monachus
427 2665 624 2702 Germanus,
649 2675 686 2698 ut
695 2665 740 2698 ait
752 2665 846 2698 Pater
858 2664 896 2697 de
910 2664 1048 2699 Rhodes
1061 2687 1070 2703 ,
1098 2664 1181 2698 Phil.
1196 2666 1337 2710 Peripa't.
1347 2662 1371 2700 l.
1384 2676 1413 2702 2.
1426 2665 1472 2702 1).
1491 2668 1547 2710 13.
1556 2677 1591 2712 q-.
1603 2678 1640 2704 2,
1655 2666 1722 2700 Sec.
1735 2677 1771 2703 aa
1780 2666 1815 2699 in
1827 2672 1909 2710 pert.

226 2714 347 2746 niciern
357 2712 449 2747 orbis
462 2711 649 2750 terrarum?
674 2713 868 2760 Respondet
880 2713 1053 2760 quaestioni
1073 2712 1150 2748 huic
1159 2713 1246 2756 idern
1256 2716 1314 2750 cir.
1324 2713 1469 2751 Author,
1494 2717 1530 2749 &
1542 2715 1640 2749 docet
1649 2713 1771 2762 primo,
1781 2719 1817 2748 ea
1826 2722 1910 2748 con-

228 2762 342 2795 venire
355 2763 390 2795 in
403 2772 497 2796 motu
507 2765 542 2796 δε
551 2761 737 2806 celeritateg
766 2772 843 2796 nam
860 2759 939 2796 sicut
949 2760 1079 2798 fulmen
1089 2762 1431 2809 validiffimoimpetu‚
1458 2767 1492 2798 &
1502 2762 1603 2798 boatu
1614 2764 1777 2812 magnoin
1788 2768 1909 2799 tertam

226 2807 404 2843 vibratura:
416 2810 559 2845 nubibus
571 2815 585 2860 ζ
610 2809 652 2845 fic
663 2810 828 2859 pleraec'lue
838 2812 997 2849 machinae
1011 2825 1067 2859 per
1084 2815 1235 2860 quinque
1253 2811 1400 2859 passuum
1413 2811 1518 2848 millia
1538 2815 1703 2849 sexcentas
1717 2811 1798 2846 ferri
1809 2809 1909 2857 libras

229 2859 416 2899 excutiunt,
443 2860 532 2894 tanta
542 2859 721 2899 celeritate,
747 2860 998 2909 utunoquoque
1010 2863 1142 2897 minuto
1154 2865 1214 2898 tria
1223 2864 1350 2897 circiter
1359 2861 1465 2897 millia
1496 2861 1647 2910 passuum
1662 2859 1816 2898 conficiat
1835 2860 1909 2897 'talia

227 2904 360 2956 globus-

321 2955 482 3001 secunde>
494 2961 701 2994 conveniunt
711 2961 836 3006 potiori
847 2972 886 2993 ex
898 2967 1013 3007 parte3
1039 2972 1113 2995 nam
1124 2954 1231 3009 pulvis
1241 2961 1352 3008 pyrius
1363 2955 1490 2996 constat
1501 2955 1656 3011 Salpe‘tra‚
1679 2959 1770 3007 quod
1779 2958 1834 2994 alii
1847 2973 1908 2995 vo-

231 3016 307 3053 cant
317 3004 513 3039 halinitrum
527 3029 536 3044 ,
562 3006 719 3054 sulphure
732 3014 766 3044 &
785 3007 946 3054 carbone3
972 3022 1080 3056 neque
1091 3011 1198 3056 pulvis
1209 3011 1293 3045 idem
1306 3022 1366 3057 pro
1376 3010 1558 3056 majoribus
1566 3009 1741 3046 adhibetur
1752 3021 1907 3045 tormen-

231 3056 286 3092 tiss
314 3055 374 3101 q'ui
384 3054 571 3089 minoribus
580 3056 717 3093 inservit
727 3067 739 3107 3
751 3059 943 3107 grandiores
957 3063 1045 3093 enim
1059 3061 1226 3094 machinas
1238 3058 1408 3106 franges,s1
1419 3063 1552 3096 minuto
1561 3062 1614 3094 eas
1624 3061 1810 3094 oneraveris
1821 3059 1908 3094 sclo-

229 3112 383 3151 petorum
395 3102 591 3149 pulvisculo,
619 3108 654 3140 in
666 3119 734 3152 quo
746 3107 893 3142 abundat
906 3107 1012 3156 magis
1028 3108 1234 3148 halinitrum,
1258 3108 1411 3144 miscetur
1420 3112 1519 3144 etiam
1530 3111 1559 3144 ei
1571 3108 1695 3156 aliquid
1707 3111 1908 3145 mercurii&

231 3152 305 3188 (alis
314 3153 512 3187 ammoniaci
523 3164 598 3187 cum
611 3166 718 3195 acere.
765 3159 810 3192 Ea
822 3158 899 3194 vero
909 3158 1328 3205 proportioneinsunditur
1338 3157 1447 3206 pulvis
1456 3182 1467 3200 ,
1491 3170 1527 3194 ut
1538 3157 1664 3207 glandis
1673 3160 1802 3206 pondus
1811 3158 1906 3193 tertia

1812 3219 1905 3255 parte
