2060 3444
611 174 971 251 Philosophico
983 214 1000 220 -
1012 179 1239 237 Politica.
1682 193 1765 235 121

92 253 169 290 aliis
180 256 292 293 miscet
304 282 314 297 ‚
338 259 355 294 a
367 259 488 309 quibus
500 259 610 295 felices
620 260 692 297 fieri
706 262 797 309 poffu
804 277 890 302 mus.
940 263 1028 298 Cum
1039 267 1127 299 enim
1139 267 1226 299 inter
1237 273 1300 298 nos
1310 260 1540 310 cognationem
1551 261 1694 311 aliquam
1706 263 1774 310 ipsa

96 316 208 339 natura
217 309 441 349 constituerit,
461 311 579 357 adeoq3
593 310 729 356 praefidii
743 317 834 346 caula
848 314 998 347 homines
1020 325 1094 348 cum
1112 312 1302 347 horninibus
1320 312 1506 347 (ocietatem
1522 315 1681 350 iniermr:
1707 313 1772 346 foe-

92 355 153 388 dus
164 354 245 389 illud
258 358 275 390 ὰ
287 362 447 405 principio
458 358 545 393 ortos
555 362 689 394 humani
705 362 874 396 conditum
889 386 899 402 ,
923 363 992 408 jugi
1011 362 1056 396 est
1072 361 1267 397 lucceffione
1286 360 1564 398 conservandum.
1614 360 1679 395 Ubi
1692 361 1770 395 vero

93 403 144 436 vel
158 407 298 441 maxime
311 406 443 443 societas
453 412 486 442 δε
497 407 574 441 fides
585 431 595 445 ‚
611 407 840 444 benevolentia
850 414 882 445 δε
894 413 1039 445 amicitia
1049 414 1231 458 reperitur3
1256 409 1356 457 quam
1368 409 1424 444 ubi
1435 411 1664 446 striffiffimum
1677 414 1772 444 Con-

91 453 173 498 jugii
194 455 363 491 vinculum
381 461 466 492 inter
482 455 510 490 se
525 458 654 499 junaos
673 471 727 504 per
740 471 900 494 tetrarum
921 461 1019 507 ipatia
1041 463 1169 495 animos
1186 470 1336 495 mutuam
1349 458 1469 494 fundat
1487 456 1770 495 familiaritatem?

92 504 303 540 Matrimonii
315 504 504 552 nodo‘quafi
519 508 645 541 Gordio
657 521 771 542 manus
791 511 902 543 manui
912 509 1061 556 jungitur
1074 533 1084 549 ‚
1111 521 1147 544 ut
1165 510 1289 544 mutuis
1308 507 1438 543 auxiliis
1448 521 1509 556 pro
1522 510 1656 544 secunda
1668 513 1701 544 &
1714 508 1774 542 ad-

93 551 180 585 versa
192 554 322 589 fortuna
333 554 389 588 fibi
403 554 563 601 suppetias
578 554 685 591 ferant
696 581 706 595 ‚
732 560 766 591 in
775 559 881 592 aestate
892 557 1053 593 feliciori5
1065 557 1163 593 status
1175 555 1417 594 indissolubiles
1427 580 1438 597 ,
1464 561 1570 595 necin
1580 557 1773 594 calamitolae

92 597 187 650 sortis
201 604 314 648 hyeme
326 604 492 640 recedant.
551 607 689 653 Magnes
699 610 884 642 animorum
896 609 1097 654 Coniugium
1108 608 1153 642 est
1162 630 1173 647 ,
1198 619 1267 656 quo
1279 607 1356 640 dum
1368 608 1402 641 in
1414 608 1486 642 vitae
1497 608 1682 644 societatem
1693 618 1774 641 con-

90 651 159 684 lors
178 655 316 686 trahitur
335 675 345 690 ‚
380 655 477 686 etiam
496 656 610 688 tet-'tius
627 668 660 689 in
681 654 939 691 familiaritatem
960 656 1150 694 assumatur.
1200 656 1402 692 Austriacatn
1424 657 1572 691 Domum
1588 654 1776 703 ‘potentissi-

93 709 179 733 mam
195 724 205 738 ,
230 713 315 736 nunc
325 713 383 747 per
395 701 507 735 orbem
522 703 712 738 universum
726 705 984 740 florentissimam
996 729 1006 744 ‚
1034 707 1118 752 Sago
1127 704 1290 754 Togaque
1302 702 1479 751 gloriosam
1487 704 1650 753 conspice,
1704 709 1773 739 An·

93 759 162 782 non
186 751 364 784 hodiedum
383 751 581 786 vetiffimuin
596 777 603 789 ‚
635 756 725 799 quod
739 754 1006 792 Maxim-ilianol.
1020 767 1058 789 ex
1071 756 1240 789 Austriaco
1252 754 1435 789 Archiduce
1447 756 1640 800 Imperatori
1650 757 1769 790 Roma-
1789 752 1932 798 Hortens}

92 809 212 833 norum
222 797 369 846 elogialis
390 799 530 833 calamus
543 801 728 848 adscripsit:
754 806 849 851 Regia
869 806 1005 849 flumina
1016 803 1074 850 qut)
1093 803 1207 851 longw‘ts
1224 803 1417 850 discurrunt,
1441 802 1473 837 eb
1484 814 1652 838 excurrunt
1664 802 1772 843 lamis,
1789 803 1959 838 Pallavm'-

93 850 271 893 amplificata
281 862 435 893 aquarum
444 851 702 893 velnnmajestase
712 866 752 886 ex
769 858 920 888 minorum
923 854 1102 899 fluviorum
1114 851 1247 887 tributis.
1296 854 1426 899 Nempe
1452 851 1581 886 brachia
1594 852 1690 887 suain
1703 865 1769 888 am·
1789 866 1843 886 mu
1856 855 1923 898 SJ-

95 896 226 944 plexum
242 898 446 944 conjugalem
457 912 496 933 ex
508 912 671 935 terrarum
681 904 837 936 Gentium
849 904 995 937 extendit
1007 927 1017 942 ‚
1043 901 1148 936 aliena
1164 902 1301 936 flumina
1315 902 1409 940 Istro,
1432 900 1596 948 sejunctas
1608 904 1773 948 provinci-

90 958 124 980 as
158 947 289 981 Austriae
303 950 411 990 junxit
423 971 433 987 ‚
462 950 527 983 haec
561 951 688 984 Domus
715 949 966 998 Augustiffima:
990 965 1058 998 quo
1069 952 1325 997 propinquitatis
1336 963 1421 985 nexu
1433 950 1557 985 summa
1569 955 1657 985 orbis
1669 952 1772 997 Capi-

90 1006 124 1029 ta
133 998 166 1029 iu
177 995 283 1030 foejus
294 999 391 1029 traxit
401 1021 415 1041 ,ι
435 997 629 1045 auimotqne
640 1001 795 1048 armaque
807 1000 938 1034 sociavit
948 1024 958 1038 ‚
984 1013 1019 1034 ut
1030 999 1166 1034 diffulus
1185 999 1357 1034 Austriacae
1368 1000 1479 1046 gloriae
1491 1001 1574 1034 odor
1583 1000 1696 1034 orbem
1711 1005 1774 1034 im-

94 1044 234 1092 pleverit
247 1068 257 1082 ,
280 1050 313 1079 &
326 1049 533 1080 matrimonii
552 1046 762 1083 facunditate
774 1051 923 1085 nominis
937 1048 983 1083 sui
1000 1061 1127 1096 partum
1145 1048 1409 1095 quaquaversum
1430 1052 1649 1094 promoverit.
1688 1051 1778 1084 Om-

94 1097 184 1128 nium
196 1107 371 1128 ventotum
387 1094 481 1128 facile
496 1098 621 1141 primns
632 1098 746 1131 Auster
757 1100 787 1132 id
802 1096 907 1133 laudis
928 1111 1092 1143 meretur3
1123 1098 1217 1145 quod
1229 1122 1237 1137 ‚
1265 1100 1342 1144 quia
1361 1096 1488 1131 calidus
1501 1100 1701 1133 &humidus
1711 1099 1756 1132 est
1768 1121 1778 1136 ‚

95 1155 168 1177 arva
182 1147 216 1178 δε
231 1143 355 1178 areolas
368 1143 529 1179 faecundat
542 1169 552 1184 ‚
578 1146 675 1180 flores
689 1149 862 1192 protrudat
874 1172 885 1188 ,
911 1147 1078 1182 hortenses
1102 1147 1263 1181 thalamos
1285 1146 1387 1180 odota
1405 1152 1562 1194 progenie
1572 1146 1694 1181 fcttiles
1703 1148 1776 1180 reda

93 1193 161 1230 dac.
211 1194 385 1227 Austriacae
398 1193 520 1227 arboris
532 1195 757 1243 genealogiam
775 1196 856 1244 lege.
909 1196 1103 1231 Linefitesta
1122 1209 1233 1230 ortum
1245 1195 1337 1230 suum
1357 1196 1483 1230 trahita
1503 1197 1735 1231 pharamundo
1747 1199 1774 1233 Ι,

93 1244 295 1276 Francorum
316 1246 350 1276 in
366 1245 539 1277 Germania
554 1246 646 1291 Rege
658 1268 667 1283 ,
694 1258 795 1291 usque
807 1247 844 1279 ad
857 1245 1065 1294 Sigebertum
1081 1243 1267 1283 Austrafiae,
1298 1243 1448 1293 Alsatiae‚
1474 1245 1683 1292 aliarumque
1697 1247 1777 1279 Pto-

93 1293 274 1325 vinciarum
288 1295 413 1339 Regem
424 1305 463 1325 ex
477 1293 525 1325 his
538 1293 725 1340 Sigebettus
739 1298 760 1331 l.
774 1294 1092 1343 HabsputgiComes
1105 1307 1161 1341 per
1173 1306 1292 1329 novem
1310 1294 1414 1328 decim
1426 1297 1665 1329 luccedentium
1676 1307 1778 1342 gene-

93 1343 259 1375 rationum
272 1347 391 1388 gtadns
410 1341 628 1388 Rudolphum
648 1346 672 1379 l.
691 1345 924 1378 Romanornm
943 1348 1184 1390 imperatorum
1204 1342 1356 1378 inlucem
1366 1342 1647 1390 auspicatiffimam
1667 1344 1781 1379 edidit.

93 1389 146 1424 Ab
161 1391 223 1424 hoc
239 1390 468 1437 gloriofiffimo
482 1392 772 1426 Austriacaeinsulae
788 1394 973 1428 fundatore
996 1406 1052 1440 per
1066 1393 1332 1440 genealogiacam
1346 1391 1495 1426 arborem
1525 1395 1560 1427 in
1581 1393 1779 1427 hodiernum

94 1436 365 1486 Augustiffimum
379 1439 540 1474 Caesaram
556 1452 591 1475 ea
611 1442 860 1477 provinciarum
875 1441 1104 1489 terrarumque
1117 1441 1247 1476 vastitas
1264 1441 1469 1475 haereditario
1482 1439 1577 1476 fimul
1589 1454 1623 1475 ac
1634 1440 1782 1474 Martiali

93 1491 164 1533 jure
174 1488 340 1526 traniivit‚
372 1500 406 1522 ut
420 1502 480 1535 pro
493 1489 624 1523 illarum
645 1490 892 1526 conservatione
906 1493 992 1526 haud
1001 1497 1156 1539 exiguum
1173 1489 1433 1525 emolumentum
1445 1493 1643 1537 Hymenaeus
1659 1501 1781 1524 contu—

92 1536 189 1575 lerit,
214 1538 514 1583 potentiffimornm
532 1537 942 1587 Regum,Principumque
951 1541 1112 1575 thalamos
1124 1539 1258 1575 Austriae
1267 1541 1372 1573 amori
1384 1539 1584 1586 copulando.
1632 1540 1732 1585 Perge
1745 1540 1778 1572 Ο

90 1587 323 1633 Augustislima
334 1590 463 1622 Domus
475 1589 514 1621 eo
523 1610 533 1624 ,
558 1587 627 1634 quo
638 1600 694 1634 per
705 1589 796 1634 plura
807 1591 911 1624 (ecula
922 1591 1120 1624 continuasti
1134 1612 1144 1626 ‚
1170 1591 1322 1635 germine
1332 1588 1448 1623 florere
1461 1611 1471 1627 ‚
1499 1601 1533 1622 ac
1544 1588 1696 1622 laecundo
1708 1590 1779 1621 Au-

93 1634 160 1669 stro
172 1635 326 1670 arborem
337 1648 425 1671 tuam
438 1649 630 1683 propagares
642 1637 740 1685 habes
749 1638 898 1673 novellos
911 1639 1008 1675 flores
1017 1642 1052 1676 in
1063 1639 1212 1675 Caelateo
1224 1649 1282 1674 tuo
1294 1639 1405 1673 Horto
1414 1664 1427 1684 2
1444 1636 1637 1673 futurorum
1650 1649 1781 1672 connu-

91 1683 221 1719 biorum
232 1688 381 1733 germina
393 1697 413 1727 ;;
430 1686 569 1734 Tufclix
577 1686 707 1733 Austria
715 1685 808 1727 nube,

560 1782 1086 1869 *QuAEsTto
1192 1787 1308 1859 vl.

211 1886 303 1951 ¹De
311 1886 471 1961 signis
480 1889 804 1963 prognosticis
825 1903 1092 1942 ventorum
1107 1924 1121 1946 ,
1179 1884 1439 1962 eorquue
1464 1899 1658 1939 natura

186 1994 209 2005 a
252 2007 256 2009 ,
316 2005 319 2008 .
426 2000 430 2007 .
656 1958 908 2013 adrerum
932 1957 1195 2013 elediones.

90 2043 307 2194 PRimo
317 2040 525 2080 observatum
550 2038 596 2080 est
608 2068 618 2084 ‚
641 2045 734 2092 quod
746 2057 863 2081 ventos
874 2045 1084 2080 vehementes
1098 2039 1199 2076 soleat
1208 2042 1386 2089 praecedere
1399 2040 1558 2076 tremulus
1573 2040 1706 2089 quidam
1725 2033 1782 2074 fo:

205 2093 326 2127 liornm
337 2116 347 2131 ,
372 2093 441 2126 imo
452 2097 486 2127 &
498 2094 652 2128 arborum
663 2107 774 2129 motus
784 2107 818 2129 ac
831 2094 875 2129 ob
890 2093 1127 2139 Atmosp'naerae
1146 2095 1406 2126 commotionem
1420 2102 1476 2125 aut
1487 2103 1591 2138 vapor
1599 2103 1655 2125 um
1664 2090 1780 2125 distra-

205 2144 351 2177 &ionem
365 2141 529 2178 stellarum
539 2142 730 2178 scintillatio
748 2147 853 2189 major
869 2169 878 2183 ,
902 2144 956 2178 vel
970 2141 1058 2178 Halo
1069 2143 1192 2174 Lunam
1214 2153 1387 2177 coronans,

304 2192 462 2225 Secunda.
487 2192 600 2228 Pluvia
609 2191 730 2228 salsa&
743 2193 1017 2227 amaraindicium
1029 2191 1235 2225 imminentis
1248 2188 1388 2225 ventosae
1404 2188 1600 2236 tempestatis
1620 2187 1687 2235 est,
1706 2186 1781 2221 curu

95 2239 224 2277 salsedo
241 2245 275 2276 &
284 2241 471 2278 amaritudo
482 2240 655 2289 spirituum
667 2242 944 2290 Sulphuteorutn,
965 2246 999 2278 &
1015 2238 1261 2276 exhalationur‘n
1273 2236 1496 2278 minem-lium,
1509 2251 1548 2272 ex
1557 2235 1679 2284 quibus
1692 2239 1785 2271 venti

97 2292 277 2326 excitantur
287 2315 297 2327 ‚
323 2290 487 2327 notiffima
510 2291 598 2340 ligna
620 2290 696 2329 lint.

190 2340 320 2376 Tettio,
369 2342 555 2376 Crebtiores
564 2338 820 2376 corruscationes
831 2340 936 2375 aestate
948 2351 1123 2375 ventorum
1135 2337 1286 2388 praesagia
1299 2335 1374 2372 sunt
1385 2361 1397 2377 ‚
1422 2335 1611 2383 oppositum
1623 2333 1701 2370 veto
1711 2331 1783 2369 effi-

96 2392 187 2425 ciunt
200 2388 313 2433 hyeme
327 2393 361 2425 &
376 2390 549 2426 Autumno
562 2416 570 2430 ,
598 2392 677 2424 dum
688 2402 744 2425 eos
761 2391 801 2424 ad
814 2392 960 2437 quietem
975 2401 1197 2436 componunt.

192 2438 321 2481 Qxarto
369 2439 474 2475 Flocci
496 2442 589 2489 aquis
603 2442 810 2479 innatantes,
845 2439 1016 2486 flagrantia
1036 2439 1234 2476 herbatum,
1259 2440 1292 2472 &
1307 2435 1427 2471 florum
1440 2432 1544 2470 Solito
1554 2437 1673 2478 major,
1711 2440 1783 2469 ata-v

94 2498 231 2523 nearum
244 2486 306 2520 tela
320 2498 373 2532 pet
387 2490 493 2525 aerem
506 2490 656 2523 volantes
668 2488 765 2524 flatus
780 2487 988 2535 praesagiunt;
1003 2487 1150 2523 similiter
1167 2491 1201 2523 δε
1214 2487 1339 2521 anseres
1353 2484 1496 2519 multum
1509 2484 1729 2519 vociferantes
1745 2487 1782 2518 &

94 2536 269 2581 volantes5
296 2535 409 2571 Fulicae
427 2540 457 2574 se
472 2538 620 2575 crebrius
632 2550 722 2584 aquae
737 2541 971 2585 immergentes
983 2561 992 2575 ‚
1017 2542 1050 2572 δε
1067 2549 1190 2585 pennas
1208 2538 1411 2572 excutientes
1426 2561 1437 2579 ‚
1465 2533 1607 2579 Polypus
1625 2536 1715 2567 Saxis
1725 2534 1781 2566 ad-

94 2587 245 2632 haeremg
273 2584 428 2622 Ethnicus
439 2588 467 2623 se
477 2587 701 2633 abscondens5
729 2590 830 2629 major
841 2599 938 2634 apum
952 2588 1075 2621 reditus
1084 2588 1122 2620 ad
1135 2585 1274 2620 alvearia
1290 2596 1346 2620 aut
1357 2585 1499 2619 latitatio
1515 2583 1573 2617 iub
1589 2581 1762 2616 arboribus
1772 2604 1785 2623 ,

96 2638 192 2671 uti&
206 2633 356 2668 volucres
368 2636 502 2684 exjugis
513 2641 677 2672 montium
691 2640 723 2671 in
738 2636 836 2670 valle>-
850 2638 1020 2670 turmatim
1033 2637 1115 2671 devo
1125 2636 1240 2670 lantes.

191 2683 339 2727 Quinto.
368 2687 476 2721 Herba
488 2688 635 2734 Chitnng,
659 2686 708 2722 vel
722 2688 784 2720 Chi
796 2698 854 2733 ung
864 2685 976 2720 Insulae
992 2684 1208 2727 finenfisAjan
1217 2688 1251 2719 in
1263 2696 1331 2731 quo
1343 2685 1448 2719 nodos
1460 2694 1515 2730 per
1527 2683 1603 2714 anui
1613 2679 1785 2715 decursum

94 2734 267 2773 excrescit,
293 2743 343 2766 tot
352 2736 551 2781 procellas&
566 2735 716 2771 turbines
729 2749 768 2770 eo
781 2749 873 2769 anno
895 2738 1083 2770 exorituros
1098 2734 1213 2770 incolae
1229 2733 1318 2769 illius
1327 2733 1391 2769 loci
1404 2733 1599 2785 conjiciunt.
1629 2729 1691 2763 Sed
1707 2730 1784 2764 huic

96 2785 143 2818 rei
155 2795 270 2831 parum
284 2783 358 2817 fidei
369 2784 484 2820 tribuit
497 2788 528 2821 P.
544 2786 721 2821 Kircherus
731 2788 764 2819 in
784 2785 893 2819 China
907 2784 1009 2821 illust.

194 2832 295 2867 Sexto
305 2845 478 2879 repentina
489 2839 585 2870 maris
596 2836 849 2882 tranquilitas&
862 2833 1072 2880 aequaliffima
1088 2834 1240 2881 planities
1255 2857 1264 2872 ‚
1292 2830 1382 2879 quasi
1393 2831 1512 2877 glacies
1525 2827 1637 2876 polita.
1653 2826 1786 2876 lignum

97 2882 260 2917 nautisest
279 2885 485 2918 imminentis
495 2885 706 2932 tempestatis,
732 2888 766 2919 ὃς
785 2896 863 2918 tunc
881 2882 932 2917 vel
945 2885 1099 2922 maxime,
1126 2884 1201 2918 cum
1219 2894 1287 2916 atra
1306 2880 1465 2915 nubecula
1486 2881 1521 2912 in
1539 2879 1623 2913 coelo
1637 2878 1789 2926 alioquin

99 2930 223 2970 sereno,
251 2943 323 2978 quae
332 2934 432 2967 oculus
442 2932 526 2968 bovis
542 2936 709 2969 nominari
731 2934 922 2968 consuevit,
952 2944 1096 2980 apparet.
1146 2931 1259 2967 Simile
1277 2942 1377 2964 omen
1391 2930 1541 2976 capiunt,
1565 2927 1789 2975 cumpacifico

96 2978 286 3016 a'e're‘subito
296 2994 383 3017 mate
394 2985 427 3017 in
440 2987 550 3031 spuma
562 2982 756 3021 effervescit.
817 2983 914 3016 Unde
924 2982 1096 3017 Cardanus
1109 2984 1148 3016 de
1163 2985 1261 3017 varie,
1272 2981 1367 3012 maris
1397 2981 1522 3024 inquit,
1534 2978 1659 3012 sonitus
1674 2982 1708 3012 &
1725 2977 1791 3012 flu‘

92 3029 165 3063 ᾅξας
177 3052 186 3067 ‚
211 3033 246 3065 &
265 3034 411 3080 mugitus
422 3035 453 3065 in
471 3037 612 3068 cavernis
624 3035 865 3079 pramontorium
878 3056 886 3071 ‚
913 3032 950 3068 ὠ
966 3033 1080 3066 littoris
1096 3032 1266 3077 resonantia
1279 3037 1383 3062 ventos
1406 3028 1543 3061 indicant
1556 3050 1566 3065 ³
1591 3031 1625 3062 &
1650 3025 1791 3073 persaepffi

97 3079 316 3124 tempestates.
345 3084 469 3117 Pariter
488 3094 630 3117 cometes
645 3083 861 3118 flammeusin
871 3084 953 3116 mati
964 3083 1169 3129 quandoque
1181 3089 1341 3124 apparens
1355 3075 1655 3111 solitusventorum
1670 3080 1703 3111 &
1715 3087 1793 3120 pro-

95 3127 252 3162 cellarum
262 3131 537 3177 pra’nnntiuseffe
559 3130 655 3169 solet,
683 3133 785 3180 Signa
797 3143 933 3181 quoque
952 3130 1076 3165 finistra
1091 3136 1125 3166 ὃς
1140 3126 1288 3163 ominosa
1303 3127 1377 3160 sunt
1388 3126 1622 3172 impendentis,
1648 3125 1669 3159 fi
1681 3125 1794 3158 ostreae

100 3176 243 3214 Μήδας
257 3200 268 3218 2
292 3179 432 3230 aliisque
448 3181 545 3218 rebus
555 3181 797 3218 adhaerelcunt:
827 3181 851 3216 fi
863 3181 986 3217 Cancri
999 3179 1029 3215 se
1039 3179 1245 3220 recondant,
1269 3174 1452 3223 autlapillis
1463 3177 1652 3223 gravitent3
1673 3172 1694 3208 fi
1709 3172 1794 3206 coelo

1051 3231 1087 3272 Q
1710 3220 1799 3256 clato
