2060 3444
639 173 994 249 Philosophico
1007 211 1023 217 -
1043 177 1256 229 Politica
1665 192 1757 250 193

87 258 269 298 mineralis,
292 270 327 292 ac
347 259 489 304 proinde
500 258 574 294 crim
586 271 720 302 vapores
743 260 920 295 elevantur
934 259 1187 300 &diminutum
1211 261 1503 300 elevantur-etiam,
1532 272 1569 295 ac
1580 261 1697 295 deinde
1708 263 1760 299 din

86 306 246 340 stillantur
258 307 484 343 exhalationes
495 306 678 345 minerales,
707 320 781 353 quae
794 313 888 354 aquis
903 308 971 342 suas
986 311 1120 344 virtutes
1131 315 1393 349 communicant,
1428 309 1590 348 Secundo,
1602 312 1682 344 oriri
1696 323 1757 356 po·

86 356 145 389 test
157 368 258 392 exeo,
269 357 359 402 quod
373 370 463 404 aquae
473 364 645 403 antequam
661 369 851 404 erumpant,
866 369 1030 398 transeant
1049 371 1104 403 per
1115 361 1257 393 minetas
1267 382 1276 396 ,
1292 359 1499 395 &imbibant
1511 371 1621 394 earum
1633 358 1760 403 sapores

85 408 118 438 ἃς
131 405 318 451 virtutes3s1
332 409 418 443 em‘m
435 405 661 449 transeuntpet
674 405 783 444 salem,
794 407 939 442 evadunt
955 405 1076 445 salsae‚fi
1093 420 1147 454 per
1159 407 1506 454 sulphur‚sulphureae3
1519 408 1540 443 fi
1552 411 1759 455 permineras

83 455 197 488 auri&
209 458 348 503 argenti,
365 456 560 501 concipiunt
580 457 720 499 optimas
739 454 912 502 qualitates
930 457 1000 488 auri
1024 459 1205 503 &argenti,
1223 459 1256 491 δε
1274 456 1535 494 deferuntetiam
1550 458 1678 504 aliquas
1687 470 1754 490 are-

83 514 139 535 nas
154 510 497 552 aureas&argentea5.
549 505 636 536 Hinc
648 503 680 537 i'n
692 503 829 538 [slandia
841 506 1053 550 reperiuntur
1067 505 1175 540 fontes
1185 506 1297 552 sapore
1309 505 1478 545 cerevifiae,
1516 510 1551 540 In
1567 507 1756 552 Mesopota-

83 552 148 584 mia
169 552 307 588 Caburae
330 558 403 587 tons
419 551 465 593 est
482 552 700 585 suaveolentis
721 565 825 599 aquae.
865 553 1095 599 lnoAEthiopia
1110 556 1244 599 quidam
1258 555 1361 589 violas
1372 556 1454 590 olet.
1503 558 1540 590 In
1559 554 1659 601 Lybia
1670 554 1757 588 haud

84 599 183 648 longe
206 603 222 636 a
237 603 360 640 fluvio,
405 603 464 647 qui
496 601 602 647 Niger
640 602 758 636 dicitur
772 626 782 643 ,
828 600 906 636 fons
919 613 1009 648 aquae
1023 601 1208 638 dulciffimae
1220 603 1310 651 quasi
1323 603 1473 638 saccharo
1485 604 1619 639 imbutae
1632 606 1757 650 reperi-

84 660 148 683 tur.
1117 684 1119 686 .

183 702 319 744 Quaeres
329 696 492 736 secundo:
520 699 618 732 Unde
639 701 746 733 varius
768 698 912 734 fontium
929 703 962 734 ὃς
984 698 1166 734 fluminum
1185 701 1278 736 color
1299 703 1486 748 proveniat,
1536 701 1758 748 Respondeo,

85 747 173 782 hunc
185 750 304 796 pariter
318 749 493 794 provenire
503 747 553 781 vel
564 748 580 781 zi
593 747 727 781 metallo
745 748 942 787 velminera,
962 760 1060 795 quam
1073 749 1202 790 lavant,
1228 751 1278 785 vel
1288 751 1305 785 ὲ
1317 762 1401 786 terra
1415 775 1425 789 ,
1444 762 1498 796 per
1509 762 1608 797 quam
1628 748 1755 788 fluunt,

85 809 121 830 ur
131 798 171 831 de
186 797 294 832 colore
305 798 402 831 maris
413 800 657 836 annotavimus,
669 811 736 845 v.g.
750 799 897 844 quaedam
907 809 998 843 aquae
1010 799 1152 832 candidae
1161 811 1319 845 apparent
1339 803 1355 834 a
1371 798 1512 844 subjecta
1530 810 1614 833 creta
1624 823 1633 839 ,
1655 811 1690 834 ut
1701 802 1755 833 im

87 846 200 881 multis
210 847 287 880 locis
303 844 490 883 Danubius.
517 847 568 880 Sic
576 848 701 881 Peneus
714 851 747 879 in
758 847 851 881 alveo
861 850 1001 882 virorem
1013 845 1155 885 simulat,
1177 849 1251 882 cum
1263 851 1296 883 in
1309 860 1389 894 potu
1401 860 1574 896 argenteus
1585 848 1634 884 sit.
1661 851 1753 882 Gan-

84 898 183 940 gesin
196 895 285 929 ludia
301 895 345 928 est
355 897 466 941 niger,
483 894 619 929 Galesus
631 894 778 934 inltalia,
799 900 833 931 δε
853 895 1004 929 Allerain
1016 897 1191 929 Germania
1205 895 1317 931 similis
1327 898 1371 932 est
1383 909 1584 932 attamentO.
1615 897 1755 932 Rhenus

85 943 256 978 subviridis
269 944 326 981 est,
350 943 490 990 Tyberis
503 949 537 980 ὃ(
548 947 681 979 Moenus
693 942 733 978 ab
745 947 852 979 arenis
863 944 958 981 flavi.
1008 947 1044 978 In
1060 944 1223 979 Thessalia
1239 947 1306 980 duo
1319 946 1393 981 sunt
1406 959 1419 979 a
1429 958 1520 980 mnes
1530 969 1540 984 ‚
1560 958 1598 979 ex
1608 957 1753 992 quorum

85 1006 170 1031 uno,
181 994 256 1026 dum
274 991 480 1027 bibuntoves
491 1017 500 1031 ‚
512 994 618 1027 lanam
633 997 809 1040 acquirunt
819 996 960 1040 nigram,
970 1005 1009 1027 ex
1019 993 1123 1027 altero
1133 994 1238 1027 albam
1249 1009 1263 1034 ;
1287 994 1361 1029 cum
1376 996 1455 1030 vero
1467 1008 1506 1029 ex
1522 1005 1635 1042 utroq;
1646 993 1751 1032 simul,

85 1043 190 1075 imam
206 1040 405 1076 maculosam
415 1055 453 1076 ex
467 1045 563 1090 nigro
573 1047 607 1077 &
619 1042 694 1076 albo
705 1043 829 1080 colore.
883 1045 921 1076 ln
934 1043 1044 1076 China
1054 1041 1182 1077 fluvius
1191 1043 1235 1077 est
1245 1056 1384 1092 magnus
1395 1067 1404 1083 ‚
1423 1047 1562 1078 Hoanus
1572 1045 1735 1082 di&us,co
1745 1062 1753 1071 -

83 1091 153 1124 lore
168 1097 284 1125 croceo
295 1103 413 1138 aquam
427 1092 632 1126 deturbidam
645 1091 761 1126 volvit.
812 1091 902 1126 Infra
914 1094 1080 1126 civitatem
1095 1095 1236 1127 Fovinus
1249 1106 1289 1127 ex
1307 1104 1420 1127 monte
1437 1092 1524 1127 Talo
1545 1092 1649 1127 effluit
1666 1095 1754 1126 rivu—

82 1138 132 1173 lus
145 1162 154 1177 ,
175 1143 266 1184 cujus
278 1153 363 1187 aqua
373 1143 406 1174 in
418 1152 581 1175 autumno
592 1140 736 1175 coeruleo
749 1139 859 1174 colore
875 1141 978 1174 tincta
994 1141 1039 1175 est
1051 1164 1061 1179 ,
1081 1154 1153 1187 quae
1166 1145 1200 1176 δε
1212 1142 1250 1175 ad
1266 1154 1451 1188 pannorum
1468 1143 1647 1176 tincturam
1659 1141 1753 1175 adhi-

84 1187 190 1226 betur.
244 1192 281 1222 In
295 1191 468 1224 Provincia
480 1193 630 1237 Amapaja
644 1192 755 1237 Regni
766 1192 900 1224 Guianae
910 1192 972 1224 rivi
983 1202 1117 1224 manant
1127 1189 1294 1237 sanguinei
1305 1215 1316 1230 ‚
1336 1203 1481 1238 quorum
1501 1203 1584 1238 aqua
1604 1192 1643 1224 ad
1655 1191 1753 1224 meri-

79 1238 166 1270 diem
178 1240 309 1272 innoxii
323 1250 457 1285 potatur
467 1261 477 1277 ‚
496 1251 572 1273 anre
584 1240 659 1273 vero
672 1242 704 1273 δε
718 1240 788 1285 post
803 1240 974 1273 meridiem
985 1239 1243 1274 venenoinfeeta
1254 1252 1362 1278 nocer.
1374 1242 1472 1275 Lacus
1485 1243 1518 1274 in
1530 1239 1753 1277 poloniaffiia-

81 1287 112 1320 le
126 1288 247 1327 dietus,
264 1287 428 1322 menfibus
438 1288 544 1334 Aprili
563 1292 597 1322 &
612 1286 705 1332 Maio
716 1290 867 1322 homines
877 1290 944 1330 ejus
954 1288 1038 1334 aquai
1051 1289 1090 1322 ad
1102 1288 1242 1322 loturam
1254 1301 1394 1329 utentes,
1408 1288 1501 1324 fusco
1511 1289 1621 1323 colore
1632 1288 1753 1323 inficit.

178 1338 315 1378 Quaeres
327 1337 448 1375 tertio:
475 1337 567 1379 Quid
581 1338 620 1371 de
636 1335 780 1371 fontium
790 1349 881 1371 motu
892 1341 925 1372 δε
937 1340 1116 1384 agitatione
1127 1336 1345 1377 sentiendum,
1366 1351 1445 1373 num
1458 1342 1490 1373 ὃς
1507 1339 1560 1372 hic
1573 1334 1750 1373 vatius‘fic?

81 1383 280 1430 Respondeo
298 1385 495 1420 affirmative
509 1409 520 1424 ‚
539 1398 648 1432 neque
657 1386 777 1420 horum
791 1398 944 1420 motuum
960 1397 1073 1433 praeter
1086 1388 1170 1421 dista
1180 1388 1218 1420 cle
1229 1400 1322 1421 motu
1337 1391 1432 1422 matis
1444 1412 1454 1426 ‚
1484 1389 1566 1421 ratio
1584 1388 1751 1421 occurrit,

79 1434 161 1466 adeo
170 1437 259 1469 enim
271 1438 376 1469 varius
390 1434 442 1468 bic
451 1438 485 1469 dc
495 1437 585 1481 paene
599 1435 806 1481 prodigiosus
817 1438 850 1469 in
861 1434 1057 1480 quibusdam
1071 1434 1221 1469 fontibus
1240 1435 1442 1474 observatur,
1453 1447 1489 1470 ut
1500 1437 1653 1469 admirari
1663 1436 1750 1467 dun·

80 1494 167 1516 taxat
180 1483 285 1517 liceat.
339 1483 488 1527 Qidam
503 1484 592 1518 tanti
604 1487 635 1518 vi
649 1484 820 1528 exsiliunt,
838 1496 874 1518 ut
885 1482 957 1517 saxa
971 1487 1168 1523 extrudam,
1195 1485 1294 1519 veluti
1308 1485 1440 1528 Marsyae
1455 1484 1531 1519 fons
1549 1487 1582 1519 in
1597 1485 1751 1530 Phrygia,

80 1535 112 1565 «Sc
125 1534 264 1578 quodvis
280 1535 408 1579 pondus
417 1531 591 1579 respuunt,
617 1534 842 1577 utquidamin
860 1532 996 1571 Arabia,
1013 1537 1103 1577 cujus
1114 1545 1234 1567 natura*
1245 1536 1343 1567 eriam
1357 1532 1420 1567 fuir
1433 1546 1518 1568 unus
1534 1536 1566 1567 in
1586 1533 1751 1567 Lusitania

78 1583 114 1614 in
125 1593 204 1627 agro
214 1581 380 1615 Catinensi
395 1592 407 1630 3
434 1583 570 1629 quidam
587 1581 708 1624 infesta
719 1581 917 1621 absorbent,
939 1592 975 1616 ut
988 1595 1086 1620 unus,
1102 1585 1207 1629 quiin
1224 1584 1338 1616 eodem
1352 1595 1430 1629 agro
1441 1582 1649 1616 nuncexstan
1666 1581 1751 1614 Vide

80 1630 118 1662 de
127 1629 177 1664 his
187 1630 330 1665 Plinium
349 1631 372 1666 l.
386 1643 418 1670 2,
429 1632 689 1669 Natur.Hist0r.
703 1644 773 1675 cap.
789 1641 867 1670 103.
893 1631 1028 1677 quidam
1041 1630 1115 1664 cum
1129 1630 1253 1676 semper
1268 1630 1438 1665 abundent
1457 1631 1542 1678 aqud
1553 1653 1563 1669 ,
1581 1640 1752 1676 nunquam

79 1677 244 1718 effluunt,
266 1678 346 1714 ficut
358 1681 482 1726 Pyrene
491 1682 525 1714 in
539 1681 647 1715 radice
660 1680 903 1716 Acraborinthi.
957 1679 1109 1713 Aliilicer
1120 1678 1232 1726 frigidi
1245 1707 1258 1727 ‚
1278 1679 1446 1714 ebulliunt
1465 1691 1572 1713 tamen
1590 1691 1681 1714 more
1701 1675 1753 1712 ef-

80 1725 392 1776 fervescentisaquae
402 1729 441 1762 ad
454 1731 563 1776 ignem
579 1742 592 1773 ς
620 1741 678 1762 nec
693 1740 723 1762 ra
731 1741 806 1763 rnen
818 1740 918 1774 aquas
932 1739 1022 1762 extra
1031 1727 1116 1762 labia
1127 1740 1290 1763 evomunt
1302 1753 1312 1768 ,
1336 1727 1388 1763 sed
1401 1741 1453 1763 eas
1461 1728 1634 1763 confestim
1648 1728 1753 1762 reloro

80 1774 179 1816 benc,
202 1779 280 1811 utin
291 1778 462 1824 Elbogano
472 1778 634 1826 Acidula,
661 1791 760 1824 quam
782 1776 929 1811 insanam
951 1787 1086 1822 vocant3
1116 1777 1170 1810 alii
1190 1777 1536 1816 modointumescant.
1559 1776 1661 1811 modo
1675 1774 1752 1809 resi-

77 1826 175 1864 dent,
197 1828 361 1868 utCrateo,
371 1828 579 1875 Thuringiae,
632 1830 713 1861 item
731 1825 808 1861 fons
824 1826 910 1861 Italis
927 1825 1083 1860 Pluviana
1100 1825 1251 1860 diciusin
1262 1825 1417 1861 Comensi
1429 1825 1608 1874 agrojuxta
1620 1826 1752 1859 Larium

76 1874 204 1913 lacum,
223 1878 324 1921 quiid
341 1874 475 1922 singulis
487 1876 576 1910 horis
587 1874 665 1909 facit
680 1899 690 1911 ‚
707 1875 756 1910 vel
767 1879 857 1909 terin
868 1878 931 1910 die.
984 1874 1170 1909 Aliiaestum
1191 1877 1289 1909 maris
1309 1875 1504 1909 aemulantur
1519 1902 1530 1919 ‚
1551 1874 1629 1909 cum
1642 1873 1753 1919 eoque

75 1927 197 1970 pariter
210 1926 411 1958 incrementa
422 1948 432 1963 ‚
455 1928 488 1959 δε
501 1925 710 1959 decrementa
723 1927 905 1970 recipiunt,
923 1935 959 1957 ut
969 1935 1055 1957 unus
1065 1924 1100 1956 in
1111 1922 1257 1958 Gadibus
1269 1947 1278 1962 ,
1303 1923 1383 1958 alter
1393 1923 1580 1970 Burdegalae
1592 1925 1625 1957 in
1635 1921 1752 1957 Gallia.

77 1973 227 2016 Qidam
237 1975 403 2008 contrario
415 1974 444 2008 se
454 1972 578 2008 habent
591 1974 691 2006 modo
702 1985 736 2006 ac
747 1985 854 2018 maee3
883 1984 960 2006 narn
981 1984 1021 2006 eo
1040 1972 1213 2006 accedente
1231 1975 1446 2018 minuuntur3
1477 1973 1647 2007 recedente
1655 1983 1754 2017 auge-

75 2020 189 2060 scunt,
209 2021 321 2068 quales
333 2023 490 2056 dicuntur
503 2024 538 2056 in
549 2022 706 2068 Hispania
725 2022 857 2068 quidam
875 2023 975 2066 putei.
1029 2020 1096 2054 Alii
1118 2020 1243 2067 absque
1264 2020 1423 2056 consensu
1444 2022 1558 2069 aliquo
1574 2033 1647 2056 cum
1671 2020 1753 2054 mari

75 2083 165 2104 nunc
176 2070 366 2118 augescunt,
382 2083 429 2105 ter
440 2084 527 2105 nunc
537 2070 694 2104 deficiunt
704 2081 716 2115 3
742 2083 778 2105 ur
789 2069 863 2104 sons
873 2072 906 2104 in
917 2069 1055 2103 Tenedo
1067 2068 1188 2115 Insula,
1199 2082 1299 2116 quem
1310 2069 1422 2105 ferunt
1436 2071 1453 2105 ὲ
1465 2073 1559 2105 tertia
1571 2071 1678 2104 nostis
1689 2069 1752 2102 ho-

76 2122 150 2154 rain
162 2119 283 2154 sextam
296 2120 337 2154 ab
346 2120 457 2154 aestivo
469 2120 608 2154 solstitio
620 2120 802 2157 exundare.
835 2117 927 2153 Alius
937 2121 970 2152 in
983 2119 1127 2152 Dodone
1137 2143 1145 2157 ‚
1165 2119 1368 2164 quimeridie
1381 2120 1506 2166 semper
1519 2120 1651 2164 deficit3
1672 2129 1751 2152 mox

77 2170 256 2204 increscens
270 2170 308 2203 ad
323 2171 468 2205 medium
482 2170 589 2203 notstis
599 2168 756 2203 exuberat
769 2195 780 2212 ‚
799 2172 833 2203 δε
844 2167 884 2201 ab
897 2180 936 2202 eo
950 2167 1104 2212 paulatim
1116 2168 1227 2202 rursus
1240 2171 1414 2205 minuitur,
1424 2171 1462 2203 ln
1475 2167 1654 2203 Cantabria
1663 2178 1751 2214 quo-

78 2229 143 2262 que
155 2229 217 2252 tres
234 2218 345 2253 sontes
358 2218 573 2252 sunto&onis
584 2217 720 2263 pedibus
732 2217 888 2252 distantes
898 2240 908 2256 ‚
929 2219 1006 2251 &in
1023 2229 1127 2250 unum
1139 2217 1269 2251 alveum
1284 2217 1373 2252 vasto
1384 2230 1481 2251 amne
1494 2219 1649 2252 co‘e'untes
1659 2240 1669 2255 ‚
1693 2218 1753 2262 qui

79 2265 214 2311 singulis
227 2268 341 2302 diebus
352 2267 511 2302 siccantur
521 2268 695 2301 duodecies
707 2290 716 2304 ‚
737 2267 917 2315 aliquando
928 2268 1039 2303 vicies.
1089 2267 1237 2307 Quidam
1253 2266 1362 2301 fontes
1380 2266 1410 2300 se
1430 2271 1545 2312 sponte
1560 2264 1614 2300 suc'i
1632 2276 1754 2311 expur-

79 2326 177 2362 gant,
196 2315 337 2364 namque
350 2317 421 2364 post
436 2315 734 2365 magnaintervalla
750 2318 905 2362 temporis
914 2315 1077 2361 quidquid
1088 2326 1183 2361 putre
1201 2317 1235 2348 in
1253 2317 1298 2349 eis
1311 2318 1427 2359 jacuit,
1446 2315 1573 2354 lutum,
1598 2313 1718 2348 folium
1736 2338 1750 2359 ,

80 2364 173 2398 testas
193 2368 315 2400 eximo
333 2377 471 2414 egerunt
484 2389 493 2406 ,
509 2376 547 2401 ut
566 2368 601 2399 in
618 2361 825 2400 Chersoneso
834 2364 1043 2400 Rhodiorum
1058 2363 1147 2401 fons.
1198 2366 1260 2398 His
1269 2365 1408 2413 adjunge
1423 2363 1554 2399 fontem
1564 2362 1748 2398 mirabilem

79 2415 114 2447 in
129 2412 239 2447 Perfiae
251 2416 380 2450 civitate
391 2416 538 2454 Schiras‚
557 2418 615 2462 qui
628 2415 667 2447 ad
685 2424 737 2460 15.
753 2426 860 2448 annos
882 2412 995 2447 sensim
1008 2412 1178 2451 accrescit,
1202 2414 1278 2447 inde
1289 2413 1367 2447 vero
1380 2413 1491 2447 denuo
1509 2426 1564 2460 per
1577 2424 1590 2448 5
1601 2424 1631 2456 ς.
1644 2424 1749 2445 annos

79 2460 194 2496 lenfim
205 2462 310 2498 rursus
320 2463 472 2498 decrescit
480 2476 584 2511 usque
596 2464 634 2497 ad
646 2463 788 2497 fundum
799 2463 1002 2507 scaturiginis
1012 2475 1025 2501 ;
1038 2462 1155 2495 abinde
1165 2463 1242 2497 vero
1254 2462 1381 2497 rursum
1394 2473 1533 2497 utantca
1550 2460 1749 2496 intumescit.

78 2513 160 2546 Sunt
178 2514 212 2546 δε
228 2510 314 2546 lacus
325 2516 359 2547 δε
373 2512 485 2548 fontes
497 2536 507 2551 ,
525 2515 584 2560 qui
600 2513 638 2547 ad
657 2514 777 2559 injesta
793 2513 916 2559 quaevis
940 2511 1020 2545 mire
1042 2508 1257 2545 effervescunt
1271 2515 1306 2546 &
1320 2510 1566 2546 tumultuantur
1577 2535 1586 2550 ‚
1602 2522 1637 2545 ut
1651 2511 1748 2543 etiam

79 2561 285 2607 tempestates
295 2564 327 2595 δε
339 2564 483 2597 tonitrua
492 2565 611 2598 cicant.
638 2562 729 2596 Talis
743 2563 901 2607 reperitur
913 2562 945 2593 in
955 2561 1188 2594 Marchionatu
1203 2559 1354 2599 Badenfi,
1374 2572 1520 2607 quatuor
1540 2562 1627 2594 horis
1640 2558 1748 2592 acivi-

79 2621 145 2644 tare
154 2610 286 2645 Badena
301 2609 435 2650 diffitus‚
454 2614 513 2659 qui
528 2612 567 2644 ad
577 2611 909 2657 quaecunqueinjecha
923 2609 1046 2654 pluvias
1058 2612 1244 2643 &tonitrua
1259 2611 1403 2647 adducit.
1439 2609 1561 2644 Similis
1572 2609 1645 2642 huic
1658 2606 1746 2641 lacus

78 2659 167 2693 estin
180 2659 291 2705 Styriae
301 2661 462 2694 montium
478 2683 488 2699 ‚
508 2672 579 2708 quae
592 2659 692 2706 vulgo
705 2658 1161 2705 &ebwanbergertsslben
1172 2660 1340 2697 dicuntur.
1375 2661 1414 2693 In
1426 2660 1556 2693 Peruvia
1570 2657 1655 2690 haud
1669 2654 1745 2690 lon-

78 2711 119 2754 ge
139 2708 180 2742 ab
196 2708 321 2754 oppido
333 2710 436 2742 Gnaeo
449 2708 537 2744 lacus
552 2708 614 2743 esse
628 2709 818 2755 perhibetur
830 2731 839 2746 ‚
857 2709 915 2754 qui
933 2708 1033 2754 pridis
1043 2708 1106 2742 diei
1118 2710 1278 2742 Cinerum
1290 2720 1396 2754 usque
1411 2708 1449 2741 ad
1459 2705 1657 2740 Sabbathum
1672 2706 1746 2738 sau-

78 2759 183 2797 etum,
193 2756 344 2803 adeoque
355 2769 410 2803 per
421 2769 522 2792 totam
535 2757 812 2805 quadragesimam
823 2758 932 2791 omnis
944 2759 1072 2803 generis
1087 2756 1225 2803 piscibus
1235 2757 1401 2804 abundat3
1426 2755 1554 2801 reliquo
1568 2754 1647 2789 vero
1659 2765 1744 2788 tem-

79 2819 159 2854 pore
170 2819 229 2841 nec
240 2808 357 2841 unicus
369 2808 501 2853 quidem
515 2807 688 2854 pisciculus
697 2807 821 2841 ibidem
846 2807 980 2850 reperiri
994 2806 1111 2851 potest.

177 2858 311 2900 Quaeres
322 2854 458 2903 quarto:
483 2868 561 2890 num
580 2859 615 2891 δε
632 2855 701 2890 aliae
718 2856 824 2890 adhuc
844 2853 1036 2889 affectiones
1046 2853 1190 2889 fontium
1204 2854 1294 2892 sint?
1321 2851 1531 2898 Respondeo.
1549 2847 1610 2886 esse
1627 2863 1745 2900 quam-

79 2901 236 2951 plurimas
246 2908 279 2940 δε
290 2903 498 2939 admirabiles
513 2928 523 2944 ‚
544 2917 614 2950 quae
623 2904 664 2938 ab
676 2904 867 2939 auctoribus
880 2904 1064 2938 traduntur.
1093 2905 1188 2950 Apud
1202 2906 1414 2938 Garamantes
1424 2899 1600 2947 perhibent
1612 2898 1744 2936 fontem

78 2951 141 2987 eise
150 2965 214 2987 ram
228 2953 544 3001 frigiduminterdiu
556 2976 566 2992 ‚
584 2964 696 2988 utnon
710 2954 864 2997 bibatut3
890 2963 957 2987 tam
967 2952 1106 2987 calidum
1116 2954 1216 2987 nostu
1227 2975 1237 2990 ,
1261 2963 1373 2986 utnon
1384 2961 1550 2997 tangatur.
1601 2951 1639 2984 Et
1655 2953 1690 2984 in
1703 2953 1744 2984 E-

80 3004 154 3048 piro
168 3002 269 3038 aliurn
279 3027 290 3043 ‚
311 3006 345 3038 in
357 3015 424 3050 quo
434 3001 519 3037 faces
530 3003 679 3037 extintstae
688 3002 957 3039 reaccenduntur,
1011 3001 1123 3037 Alium
1141 3005 1174 3035 in
1193 3001 1291 3034 lndiae
1312 3002 1404 3033 terris
1415 3023 1425 3037 ‚
1441 3003 1531 3044 cujus
1540 3012 1625 3046 aqua
1635 2998 1742 3034 lucer-

24 3071 26 3074 v
78 3063 128 3085 nae
142 3052 286 3089 ardeant.
337 3055 419 3087 Item
430 3051 533 3086 alium
543 3049 625 3086 olim
639 3053 729 3095 Iovis
740 3053 912 3086 Ammonis
920 3051 1062 3089 dictum,
1079 3053 1135 3098 qui
1146 3049 1202 3084 sub
1215 3049 1285 3083 luce
1299 3047 1485 3094 repentibus
1498 3052 1591 3096 aquis
1600 3060 1746 3086 manuat.

78 3101 216 3135 meridie
225 3099 365 3148 frigidus
374 3101 420 3136 est
436 3125 446 3139 ‚
469 3102 600 3146 vespere
609 3099 706 3142 calet,
730 3098 836 3135 medi&
847 3100 943 3134 noste
953 3101 1065 3134 aestuat
1075 3123 1086 3138 ,
1106 3100 1181 3133 hinc
1194 3096 1413 3132 defervescere
1423 3100 1537 3138 incipit
1550 3122 1559 3137 ,
1569 3102 1603 3134 δε
1612 3097 1668 3132 sub
1678 3098 1743 3131 diei

79 3160 234 3187 exortum
244 3150 353 3188 rursus
364 3151 504 3199 tepidior
516 3150 578 3196 fit3
612 3147 720 3198 sicque
731 3150 863 3186 alternis
872 3147 995 3185 vicibus
1006 3160 1094 3230 ngnc
1105 3147 1248 3184 calorem
1260 3143 1359 3196 subit,
1373 3159 1463 3184 nunc
1475 3146 1581 3195 frigus
1593 3145 1673 3201 mita
1686 3156 1743 3182 vac

993 3199 1017 3232 B
1648 3204 1744 3229 rieta-
