2060 3444
255 147 330 204 ⁷54
883 134 1255 206 Meteorologia

252 220 414 256 multibus
427 223 569 255 excitato
580 242 590 258 ,
609 220 760 265 inquieta
774 214 849 253 sunt
863 242 872 258 ,
895 217 1047 255 fulminis
1060 219 1142 254 iani
1152 220 1215 254 effe
1228 219 1334 268 magis
1343 221 1508 257 obnoxia,
1526 218 1592 252 hoe
1608 213 1844 255 enimvolatile
1857 214 1932 255 πηὸς

252 276 468 305 tum'omnern
479 269 637 315 sequitur.

354 322 488 364 Qtaeres
496 318 637 365 quinto:
665 314 829 359 Quaeloca
841 313 976 350 fulmini
988 318 1094 366 magis
1102 315 1248 366 exposita
1262 330 1270 356 :
1295 318 1509 366 Relpondeo‚
1520 312 1722 361 experientia
1736 309 1939 358 comproba-

252 377 329 402 tum
344 369 404 402 esse
414 366 556 401 fulmina
572 363 791 399 editioraio:a
802 363 1187 410 frequentiusinfestare.
1238 369 1469 404 Hincmontes
1482 365 1607 412 faepius,
1628 363 1726 409 quam
1738 361 1835 396 valles
1853 362 1937 407 igni-

248 415 317 452 bus
324 415 511 451 coelestibus
521 411 686 451 afflantur.
741 414 792 448 De
803 411 976 448 arboribus
986 419 1076 451 canit
1086 415 1307 453 Claudianus:

422 476 589 519 Incubuit
609 491 794 531 nunquam
813 477 953 528 coelcstis
972 469 1120 530 flamma
1133 474 1275 534 shlt'c‘lis
1288 508 1299 519 ,

421 546 504 588 Qec
519 539 635 591 parvi
647 537 813 590 frutices
831 538 931 573 iram
948 536 1107 576 metucire
1127 538 1307 576 Tonantbs.

429 603 595 650 Ingentes
615 608 764 650 quercus
776 622 786 639 ‚
807 593 955 648 annosus
965 595 1155 648 fulminat
1175 609 1289 634 ornos.

347 663 473 701 Pariter
484 669 516 700 in
528 665 665 700 urbibus
675 664 874 710 templorum
886 664 1112 712 turressaepius
1121 663 1251 700 fulmen
1265 663 1364 700 ferire
1376 663 1468 699 solet.
1487 661 1684 710 Exemplum
1697 661 1739 696 est
1751 655 1933 695 cathedra-

250 713 290 749 lis
303 713 448 749 Ecclesiae
462 717 561 751 turris
577 716 767 761 Argentinae
783 713 929 747 Allaticae
940 714 1020 748 urbe
1031 738 1041 752 ‚
1064 725 1143 762 574,
1165 714 1304 760 pedibus
1323 715 1539 762 geometricis
1550 736 1559 750 ,
1586 711 1713 758 praealta
1727 736 1736 750 ‚
1760 712 1814 743 vix
1830 722 1934 744 annus

250 762 318 797 fere
331 761 474 799 elabitur
494 758 506 802 ,¹
523 776 593 810 quo
603 775 672 797 non
686 761 825 795 subinde
835 761 977 797 fulmine
992 763 1174 799 infestetur,
1223 761 1528 811 'Causampletique
1537 761 1695 809 affignant
1707 770 1834 794 motum
1848 759 1934 805 oblif

250 824 357 860 quum
373 812 541 851 fulminis,
563 813 602 846 de
613 814 728 859 quoin
740 811 853 858 quaest.
870 823 899 855 5.
912 815 1052 860 egimus.
1441 855 1443 857 q

337 860 400 897 His
409 860 569 908 subjungo
583 864 665 896 mira
678 862 838 906 quaedam,
855 873 926 908 quae
937 866 1020 896 circa
1033 857 1194 896 nonnulla
1207 859 1280 896 loca
1289 864 1392 910 magis
1402 858 1538 894 fulmini
1548 857 1694 893 obnoxia
1707 857 1803 892 variis
1814 854 1853 889 ab
1868 858 1935 889 Αιι-

247 910 400 945 thoribus
409 910 609 946 referuntur.
662 912 699 943 In
711 914 825 943 monte
838 911 960 956 Taipae‚
976 912 1156 945 Provinciae
1173 908 1294 956 Xenfi,
1320 924 1392 959 quae
1404 910 1448 943 est
1463 921 1528 943 una
1539 915 1580 941 *ex
1601 909 1780 942 Provinciis
1801 906 1934 957 Imperii

251 956 353 994 Sinici
368 959 408 995 ab
420 957 628 1006 Oreoscopio
637 956 765 992 summe
775 958 936 992 celebrato
952 959 1055 994 fertur
1073 982 1082 998 ‚
1112 958 1235 1006 pulsata
1246 960 1367 995 ibidem
1380 970 1534 1006 tympana
1557 969 1634 990 mox
1653 955 1784 1003 fulgura
1806 957 1840 988 ὃ(
1859 954 1928 989 tul-

249 1011 341 1043 mina
356 1034 366 1049 ,
387 1009 604 1058 ingentesque
613 1011 755 1042 excitare
771 1008 992 1053 tempestates.
1044 1007 1139 1042 unde
1156 1014 1287 1044 cautum
1308 1009 1374 1049 est,
1390 1009 1489 1055 quarn
1514 1004 1728 1043 severfflimb,
1745 1016 1802 1038 nec
1822 1004 1880 1037 ulli
1893 1016 1933 1036 o-

247 1057 367 1093 mnino
378 1057 504 1093 licitum
515 1058 560 1092 est
578 1085 590 1103 ‚
610 1068 644 1092 ut
655 1055 765 1090 scribit
775 1056 954 1091 Kircherus
968 1060 1002 1092 in
1014 1058 1122 1092 China
1134 1058 1251 1095 illustr.
1262 1070 1335 1106 part
1359 1071 1395 1105 4.
1407 1069 1477 1103 cap.
1490 1070 1523 1097 4.
1534 1054 1579 1088 ibi
1592 1056 1754 1101 tympanis
1767 1052 1932 1099 pulsandis

248 1107 428 1142 admovere
442 1119 591 1142 manum.
646 1104 907 1139 Effec‘tumhunc
919 1109 1052 1147 mirum,
1075 1107 1264 1142 credibilius
1282 1108 1326 1142 est
1346 1109 1481 1154 magicis
1498 1103 1728 1139 illufionibus.
1752 1101 1849 1149 quarn
1865 1105 1931 1135 vir-

247 1167 319 1190 tute
329 1159 453 1191 montis
465 1154 642 1203 profluere.
696 1152 805 1188 Affine
823 1156 900 1189 huic
919 1156 983 1193 est,
1000 1157 1090 1203 quod
1103 1156 1143 1190 de
1170 1156 1428 1205 Altariquodam
1442 1155 1663 1200 tempestlsero
1677 1177 1684 1190 ,
1704 1155 1737 1185 in
1756 1152 1932 1185 montibus

248 1204 482 1251 Pyrenaeisfito
492 1215 661 1241 narratur,
684 1203 794 1237 locum
806 1206 896 1238 enirn
907 1204 1091 1240 dicuntcsse
1105 1209 1141 1239 in
1154 1206 1284 1241 excelfis
1299 1210 1383 1254 jugis
1396 1229 1406 1244 ‚
1424 1205 1481 1239 ubi
1494 1204 1624 1251 praealta
1643 1206 1676 1237 δε
1690 1200 1752 1235 lara
1765 1200 1865 1246 surgit
1877 1212 1933 1233 ru-

249 1266 327 1301 pes,
347 1259 381 1288 in
391 1256 494 1301 eaque
504 1255 653 1288 eminens
663 1252 812 1299 quaedam
829 1252 919 1295 sax&
929 1254 1030 1288 moles
1041 1253 1140 1288 instar
1152 1255 1272 1290 Altaris
1284 1278 1294 1294 ‚
1309 1255 1410 1290 cuiad
1425 1254 1523 1288 latera
1535 1251 1658 1287 insoliti
1675 1250 1888 1287 characteres,
1899 1253 1933 1284 δε

251 1301 340 1350 signa
351 1304 503 1350 quaedam
513 1300 670 1348 inscripta
680 1299 766 1335 sunt.
819 1303 894 1336 Hoc
905 1301 1014 1338 Altare
1028 1331 1036 1340 .
1054 1302 1077 1337 fi
1088 1307 1161 1351 quis
1170 1304 1332 1339 accefferit
1342 1329 1352 1346 ‚
1373 1303 1522 1350 illudque
1531 1304 1678 1349 attigerit
1687 1323 1698 1339 ,
1727 1301 1841 1345 ingens
1855 1311 1933 1333 ton-2

249 1351 357 1386 festim
370 1352 543 1399 tempestas
555 1351 688 1399 ignibus
701 1353 734 1384 δε
748 1348 912 1385 imbribus
926 1351 1041 1387 furens
1051 1355 1186 1387 excitari
1199 1351 1292 1391 solet.

348 1398 465 1436 Refert
480 1403 579 1435 eriam
592 1402 704 1434 Petrus
717 1399 878 1444 Thyraeus
899 1398 921 1438 l.
941 1401 980 1435 de
997 1401 1078 1436 locis
1101 1400 1228 1437 infestis
1246 1414 1330 1450 part.
1346 1406 1373 1438 Ῑ.
1391 1414 1418 1436 c.
1441 1412 1468 1436 1.
1491 1398 1656 1434 Michac'le
1676 1397 1716 1432 ab
1729 1397 1814 1433 lisele
1834 1401 1933 1432 Auno

253 1458 267 1486 1
278 1453 359 1493 585.
374 1451 516 1484 historiae
527 1449 588 1483 suae
598 1473 608 1487 ,
633 1446 694 1483 effe
711 1447 821 1482 locum
833 1447 1006 1496 palustrem
1019 1450 1129 1485 decern
1142 1451 1290 1498 passuum
1304 1448 1451 1486 millibus
1461 1450 1500 1484 ab
1513 1450 1629 1495 Odepe,
1662 1450 1752 1495 quod
1762 1448 1805 1481 est
1818 1447 1934 1493 praedi·

249 1510 305 1531 um
317 1497 526 1545 Episcopatus
537 1497 682 1532 Vendaein
694 1499 829 1531 Livonia
838 1521 847 1536 ,
877 1500 911 1532 in
922 1498 1031 1546 eoque
1041 1495 1149 1534 lacurn
1168 1501 1333 1547 quendam
1342 1502 1394 1546 ,ita
1404 1498 1499 1533 fuisse
1512 1498 1704 1533 infestatum
1715 1521 1725 1535 ,
1751 1509 1784 1531 ut
1798 1495 1857 1530 nisi
1873 1495 1936 1529 fin-

247 1547 334 1593 gulis
346 1551 439 1581 annis
449 1549 579 1594 languis
591 1546 803 1581 infantumin
820 1553 894 1581 eum
907 1551 1113 1587 mitteretur,
1141 1548 1227 1584 ultra
1247 1552 1382 1585 modum
1394 1548 1615 1596 affligerentur
1633 1549 1732 1580 vicini
1745 1571 1753 1584 ‚
1780 1548 1813 1580 &
1828 1546 1930 1590 pluri-

246 1608 301 1629 ma
314 1597 431 1630 damna
444 1599 482 1630 iis
496 1604 670 1632 doemones
680 1593 858 1642 afferrenr3
884 1598 1123 1632 conturbarent
1136 1611 1256 1645 nempe
1268 1601 1375 1633 a‘e'rem
1387 1621 1397 1635 ‚
1423 1602 1570 1632 tonitrua
1581 1619 1591 1634 ,
1618 1595 1775 1643 procellas
1795 1600 1828 1630 &
1845 1607 1929 1628 rem-

246 1643 383 1691 pestates
393 1649 585 1680 excitarent.
639 1646 684 1679 Ex
698 1646 846 1690 quoipio
858 1669 867 1685 ,
893 1658 1026 1692 apparet
1042 1644 1184 1682 fulmina
1200 1649 1233 1682 id
1243 1647 1332 1683 lactis
1348 1645 1613 1682 exhalationibus
1634 1645 1686 1679 sed
1706 1647 1931 1690 malignorum

246 1693 421 1740 spirituum
434 1694 689 1742 operaiexcitari.

348 1745 496 1790 Dignum
505 1742 593 1778 letSku
605 1743 650 1777 est
662 1770 672 1787 ‚
698 1743 789 1790 quod
807 1744 847 1777 de
858 1751 972 1779 monte
984 1747 1035 1778 Cio
1048 1757 1158 1781 rerum
1170 1747 1353 1781 Sinicar'um
1365 1746 1543 1793 Scriptores
1558 1752 1841 1779 commemorant:
1869 1740 1932 1777 effe

246 1803 367 1837 nempe
378 1795 413 1826 in
423 1797 489 1838 ejus
500 1796 619 1826 vertice
630 1793 772 1838 lapidem
782 1794 935 1839 quinque
945 1795 1151 1840 perdicarum
1161 1795 1359 1834 altitudinis,
1370 1797 1428 1842 qui
1439 1795 1572 1841 quoties
1583 1793 1755 1838 tempestas
1766 1794 1930 1830 imminet,

247 1840 392 1875 titubate
405 1864 415 1879 ,
441 1845 474 1876 &
490 1841 654 1875 hincinde
675 1842 774 1876 instar
790 1841 929 1886 Cypreffi
951 1854 1053 1877 vento
1066 1847 1194 1891 agitatae
1205 1847 1331 1880 moveri
1350 1846 1500 1890 incipiat.
1568 1842 1709 1876 Cau'sarn
1726 1843 1821 1883 hujus
1846 1841 1932 1875 bene

246 1889 383 1937 affignat
393 1895 581 1927 W'evverus
598 1894 631 1923 in
642 1893 721 1923 Arte
733 1888 894 1925 convers,
912 1892 996 1937 Reg.
1020 1904 1070 1929 11-
1083 1895 1152 1929 Sec.
1171 1905 1201 1939 5.
1217 1898 1253 1938 ς».
1270 1904 1297 1930 1.
1330 1894 1538 1939 'Contingere
1559 1901 1687 1925 motum
1704 1890 1791 1924 hunc
1804 1901 1842 1923 ex
1854 1902 1933 1924 vcn-

246 1949 360 1973 torum
373 1941 458 1972 intra
470 1950 615 1972 concava
625 1941 756 1972 montis
767 1936 885 1973 viscera
897 1938 1099 1974 saevientium
1115 1937 1267 1982 flatibus,
1293 1944 1350 1989 qui
1364 1943 1482 1975 deinde
1493 1950 1653 1986 vaporum
1664 1963 1674 1978 ,
1702 1938 1935 1986 halituumc¹1ue

246 1990 374 2034 copiam
387 1999 443 2033 per
454 2000 565 2033 poros,
591 1990 691 2021 rimas
701 2011 711 2024 ‚
737 1987 928 2030 fiffurafque
941 1991 1106 2024 monrium
1121 1990 1229 2025 secum
1240 1992 1398 2026 eruetant.
1431 1992 1645 2036 Frigidiorem
1661 1989 1693 2022 hi
1707 2000 1816 2022 auram
1829 1990 1929 2026 meti,

247 2038 284 2070 in
294 2035 442 2084 copiosos
452 2035 662 2070 resolvuntur
673 2036 792 2071 imbres
803 2038 837 2069 &
848 2034 920 2070 cum
936 2036 1103 2085 sulphuris
1113 2052 1250 2087 quoque
1265 2041 1304 2074 ad
1319 2043 1461 2074 mixtam
1474 2037 1615 2072 habeant
1626 2039 1795 2071 materiam
1805 2059 1815 2075 ‚
1832 2040 1932 2071 etiam

247 2085 427 2120 tonitribus
439 2089 473 2120 δε
493 2082 636 2120 fulmine
647 2086 794 2122 saeviunt.
1482 2090 1485 2091 ⁷

348 2133 527 2168 Difficilius
540 2136 624 2168 ratio
639 2133 767 2179 physica
781 2134 944 2182 sequentis
954 2139 1092 2170 eventus
1104 2135 1211 2171 datur.
1263 2137 1386 2171 Narrat
1396 2131 1615 2170 Kircherusin
1626 2134 1727 2169 Chin.
1740 2133 1840 2170 illust.
1855 2146 1934 2181 pro·

246 2178 288 2230 pe
306 2177 467 2230 insignem
477 2181 592 2217 urbem
611 2184 765 2230 Chaoking
779 2179 865 2219 haud
881 2181 995 2230 procul
1011 2182 1053 2217 ab
1068 2184 1150 2220 urbe
1167 2185 1293 2221 Siuensi
1313 2186 1441 2231 Sinhmg
1467 2185 1641 2229 provinciae
1652 2185 1821 2232 Qamung
1836 2197 1934 2217 inon-

246 2242 315 2266 tem
327 2232 458 2278 surgere
468 2233 564 2265 Tenlu
576 2232 702 2267 duflum
717 2234 851 2279 aspectu
869 2232 1044 2267 horridum
1054 2237 1088 2269 &
1099 2235 1324 2269 cavernosum.
1381 2236 1512 2268 Dicitur
1522 2244 1629 2266 autem
1641 2235 1726 2265 intra
1741 2234 1782 2266 hu
1790 2245 1827 2266 nc
1839 2240 1933 2267 mon-

248 2291 316 2315 tem
331 2280 476 2328 stagnare
486 2282 651 2327 quandam
669 2290 786 2329 aquam
802 2307 811 2321 ,
835 2282 874 2315 ad
886 2287 986 2329 quam
996 2278 1037 2315 ab
1048 2290 1140 2318 extra
1153 2291 1264 2318 tamen
1286 2278 1397 2318 nullus
1413 2287 1501 2329 patet
1514 2282 1644 2326 adum,
1673 2284 1706 2315 &⁷
1728 2280 1749 2314 fi
1771 2281 1879 2317 forsan
1892 2281 1933 2316 ab

247 2325 320 2364 alto
335 2329 396 2363 hoc
407 2326 589 2375 insuperiori
601 2330 709 2378 aliqua
723 2333 846 2366 montis
857 2331 956 2375 hujus
970 2335 1131 2379 voragine
1146 2331 1228 2380 lapis
1238 2335 1416 2377 inijciatur;
1426 2339 1503 2365 mox
1515 2335 1632 2379 ingens
1642 2329 1757 2364 boatus
1770 2332 1804 2365 δε
1818 2332 1933 2378 strepi-

248 2391 302 2413 tus
316 2380 454 2413 tonitrui
464 2378 566 2413 instar
577 2382 700 2426 percipi
711 2379 793 2415 soler
803 2404 812 2419 ,
838 2392 874 2414 ae
882 2386 959 2414 mox
971 2376 1106 2416 turbido
1115 2381 1200 2416 <0⁵:10
1209 2381 1329 2417 imbres
1340 2380 1460 2427 copiosi
1471 2379 1671 2415 funduntur.
1720 2380 1862 2415 Causam
1874 2381 1936 2415 hu-

245 2431 295 2476 jus
307 2423 368 2462 ess'e
377 2439 462 2466 reor,
474 2429 566 2475 quod
578 2441 617 2462 ex
627 2431 790 2464 immenso
803 2428 910 2475 lapide
919 2426 1067 2464 turbatus
1077 2429 1164 2465 lacus
1173 2431 1321 2478 copiosos
1342 2436 1478 2476 vapores
1495 2433 1643 2466 emittat,
1670 2429 1728 2474 qui
1752 2428 1934 2464 exhalatio-

247 2475 347 2511 nibus
366 2478 490 2511 montis
506 2480 648 2512 immixti
665 2482 698 2513 &
711 2485 766 2525 per
779 2481 970 2513 atritionem
982 2481 1016 2512 δὲ
1026 2477 1253 2515 subterraneos
1264 2483 1357 2527 ignes
1366 2478 1490 2514 accensi
1503 2479 1633 2526 fragore
1646 2476 1871 2517 tumultuent,
1898 2483 1934 2515 δε

246 2536 458 2572 erumpentes
471 2525 550 2560 inde
560 2550 569 2565 ‚
588 2539 695 2573 aptam
709 2530 878 2563 materiam
892 2525 1054 2572 imbribus
1068 2531 1100 2564 in
1110 2531 1254 2564 vicinum
1267 2532 1375 2564 assrem
1389 2527 1594 2564 diffundant.

346 2576 394 2609 Ex
413 2572 508 2609 diesis
517 2574 653 2622 colliges
670 2577 789 2622 primo:
809 2572 957 2611 Fulmina
973 2574 1148 2626 utfulgura
1165 2575 1394 2626 frequentiora
1414 2577 1521 2612 aestate
1534 2601 1543 2616 ‚
1582 2578 1679 2625 quam
1700 2578 1838 2624 h'yemet
1875 2575 1930 2612 sed

247 2618 393 2671 amplius
403 2625 573 2659 Autumno
583 2629 617 2660 ὃς
629 2625 701 2660 vere
714 2637 846 2672 propter
860 2623 1086 2661 exhalationes
1097 2624 1300 2676 oleaginosas
1310 2630 1344 2662 δε
1360 2625 1549 2673 sulphureas
1562 2628 1677 2662 Romae
1695 2626 1864 2671 ptaesertim
1875 2638 1933 2673 per

247 2674 471 2708 Autumnum.
523 2675 560 2708 ln
568 2673 760 2723 regionibus
782 2673 973 2709 Borealibu's
989 2676 1144 2713 rariffima
1155 2676 1298 2713 fulmina
1307 2682 1347 2712 ex
1365 2676 1515 2724 opposita
1528 2674 1630 2712 causa.
1685 2676 1770 2711 Vide
1784 2675 1870 2709 dieta
1891 2676 1933 2710 de

255 2731 397 2761 tomi-ru,
621 2747 631 2768 3

343 2768 493 2821 Colliges
503 2771 665 2809 Secundo:
678 2770 807 2807 fulmen
819 2796 829 2811 .
853 2771 927 2807 cum
939 2769 1093 2821 sequatur
1108 2784 1236 2813 motum
1258 2776 1363 2814 a'e'ris,
1387 2773 1464 2809 ideo
1483 2774 1705 2822 periculosum
1724 2772 1762 2806 ad
1773 2769 1932 2808 fenestras

247 2829 377 2864 apertas
392 2832 541 2868 tempore
555 2819 735 2856 fulminum
747 2825 882 2860 motari.

345 2869 624 2917 ColligesTertio:
646 2865 846 2906 fulminante
859 2871 945 2907 coelo
961 2872 1198 2920 profundiores
1218 2881 1309 2908 terrae
1329 2882 1484 2908 cavernas
1494 2872 1602 2910 subire
1621 2880 1753 2920 rutum‘;
1777 2871 1929 2908 oblerva—

249 2925 321 2949 tum
334 2920 467 2963 quippe,
478 2920 581 2968 ietum
593 2918 744 2954 fulminis
755 2923 854 2955 etiarn
868 2918 986 2968 lapidei
996 2935 1064 2957 non
1075 2921 1161 2956 ultra
1171 2923 1323 2969 quinque
1333 2923 1428 2968 pedes
1440 2934 1558 2958 terram
1571 2934 1752 2970 penetrare.

348 2965 496 3010 Colliges
509 2969 641 3011 Quarto
657 2978 670 3007 t
721 2967 917 3006 Cavendum
936 2969 954 3005 ἃ
970 2974 1051 3006 vino
1062 2996 1071 3011 ‚
1105 2973 1196 3018 quod
1215 2967 1233 3005 ἐὶ
1253 2965 1395 3005 fulmine
1404 2972 1509 3007 crusta
1526 2972 1708 3022 quadam&
1723 2971 1807 3018 pelle
1824 2971 1930 3010 obdu-

249 3014 367 3063 stum3
393 3013 475 3049 solet
484 3020 570 3050 enim
579 3020 754 3053 amentiam
765 3042 776 3059 ‚
803 3030 859 3053 aut
874 3019 955 3067 pene
972 3029 1114 3056 mortem
1134 3020 1261 3055 adferre
1270 3018 1321 3062 obl
1331 3022 1511 3057 venenosas
1519 3024 1604 3070 ignis
1614 3022 1707 3065 hujus
1721 3022 1909 3066 qualitates.

347 3062 495 3111 Colliges
509 3067 651 3106 Quinto:
680 3074 691 3089 ⁹
703 3070 918 3115 Quamquam
930 3092 940 3107 ‚
966 3072 1052 3104 utin
1065 3084 1099 3117 q.
1120 3080 1156 3114 7.
1173 3071 1420 3110 annotavimus,
1437 3082 1667 3119 campanarum
1682 3070 1793 3117 pulsus
1806 3075 1841 3106 &
1859 3084 1930 3107 tor-

251 3116 405 3148 mentoru
415 3112 570 3161 displosio
584 3114 740 3164 aliquado
754 3115 797 3151 ob
804 3120 969 3155 rationem
978 3117 1103 3155 ibidem
1116 3119 1224 3154 datam
1241 3118 1486 3167 tempestatibus
1493 3119 1834 3167 avertendispproficua
1855 3120 1932 3161 lint,

1852 3181 1929 3219 qm?
