<?xml version="1.0" encoding="UTF-8"?>
<!DOCTYPE html PUBLIC "-//W3C//DTD XHTML 1.0 Transitional//EN"
    "http://www.w3.org/TR/xhtml1/DTD/xhtml1-transitional.dtd">
<html xmlns="http://www.w3.org/1999/xhtml" xml:lang="en" lang="en">
 <head>
  <title>
</title>
<meta http-equiv="Content-Type" content="text/html;charset=utf-8" />
  <meta name='ocr-system' content='tesseract 3.04.00' />
  <meta name='ocr-capabilities' content='ocr_page ocr_carea ocr_par ocr_line ocrx_word'/>
</head>
<body>
  <div class='ocr_page' id='page_1' title='image "./philosphicopolit00rein_0291.png"; bbox 0 0 2003 3434; ppageno 0'>
   <div class='ocr_carea' id='block_1_1' title="bbox 653 157 1784 231">
    <p class='ocr_par' dir='ltr' id='par_1_1' title="bbox 653 157 1784 231">
     <span class='ocr_line' id='line_1_1' title="bbox 653 157 1784 231; baseline 0.003 -23"><span class='ocrx_word' id='word_1_1' title='bbox 653 157 1010 231; x_wconf 78' lang='lat' dir='ltr'>Philolophico</span> <span class='ocrx_word' id='word_1_2' title='bbox 1031 192 1048 201; x_wconf 76' lang='lat'><em>—</em></span> <span class='ocrx_word' id='word_1_3' title='bbox 1065 159 1280 212; x_wconf 82' lang='lat' dir='ltr'>Politica</span> <span class='ocrx_word' id='word_1_4' title='bbox 1667 171 1784 227; x_wconf 84' lang='lat'>279</span> 
     </span>
    </p>
   </div>
   <div class='ocr_carea' id='block_1_2' title="bbox 95 233 1784 767">
    <p class='ocr_par' dir='ltr' id='par_1_2' title="bbox 95 233 1784 767">
     <span class='ocr_line' id='line_1_2' title="bbox 106 233 1784 289; baseline 0.007 -25"><span class='ocrx_word' id='word_1_5' title='bbox 106 233 272 287; x_wconf 77' lang='lat' dir='ltr'>tuminrra</span> <span class='ocrx_word' id='word_1_6' title='bbox 283 244 400 280; x_wconf 71' lang='lat' dir='ltr'>paucas</span> <span class='ocrx_word' id='word_1_7' title='bbox 416 233 516 273; x_wconf 78' lang='lat' dir='ltr'>heras</span> <span class='ocrx_word' id='word_1_8' title='bbox 528 236 674 275; x_wconf 88' lang='lat' dir='ltr'>bufones</span> <span class='ocrx_word' id='word_1_9' title='bbox 691 251 904 288; x_wconf 85' lang='lat' dir='ltr'>procreantur</span> <span class='ocrx_word' id='word_1_10' title='bbox 915 267 927 286; x_wconf 91' lang='lat'>‚</span> <span class='ocrx_word' id='word_1_11' title='bbox 954 254 1009 276; x_wconf 85' lang='lat' dir='ltr'>aut</span> <span class='ocrx_word' id='word_1_12' title='bbox 1019 255 1095 289; x_wconf 78' lang='lat' dir='ltr'>apes</span> <span class='ocrx_word' id='word_1_13' title='bbox 1109 256 1148 278; x_wconf 81' lang='lat' dir='ltr'>ex</span> <span class='ocrx_word' id='word_1_14' title='bbox 1167 244 1322 278; x_wconf 88' lang='lat' dir='ltr'>cadavere</span> <span class='ocrx_word' id='word_1_15' title='bbox 1337 240 1440 277; x_wconf 89' lang='lat' dir='ltr'>boum</span> <span class='ocrx_word' id='word_1_16' title='bbox 1454 265 1464 281; x_wconf 94' lang='lat'><strong>‚</strong></span> <span class='ocrx_word' id='word_1_17' title='bbox 1491 250 1548 276; x_wconf 85' lang='lat' dir='ltr'>aut</span> <span class='ocrx_word' id='word_1_18' title='bbox 1560 252 1599 274; x_wconf 81' lang='lat' dir='ltr'>ex</span> <span class='ocrx_word' id='word_1_19' title='bbox 1613 240 1713 276; x_wconf 82' lang='lat' dir='ltr'>herba</span> <span class='ocrx_word' id='word_1_20' title='bbox 1726 244 1784 276; x_wconf 83' lang='lat' dir='ltr'>ba-</span> 
     </span>
     <span class='ocr_line' id='line_1_3' title="bbox 102 280 1784 339; baseline 0.009 -26"><span class='ocrx_word' id='word_1_21' title='bbox 102 280 207 315; x_wconf 77' lang='lat' dir='ltr'>filisco</span> <span class='ocrx_word' id='word_1_22' title='bbox 217 283 277 316; x_wconf 76' lang='lat' dir='ltr'>rite</span> <span class='ocrx_word' id='word_1_23' title='bbox 292 296 466 329; x_wconf 64' lang='lat' dir='ltr'>praeparata</span> <span class='ocrx_word' id='word_1_24' title='bbox 484 293 518 323; x_wconf 90' lang='lat'>&amp;</span> <span class='ocrx_word' id='word_1_25' title='bbox 532 290 693 323; x_wconf 84' lang='lat' dir='ltr'>collocata</span> <span class='ocrx_word' id='word_1_26' title='bbox 716 295 902 337; x_wconf 77' lang='lat' dir='ltr'>icorpiones</span> <span class='ocrx_word' id='word_1_27' title='bbox 922 301 958 324; x_wconf 89' lang='lat' dir='ltr'>ut</span> <span class='ocrx_word' id='word_1_28' title='bbox 979 293 1079 326; x_wconf 70' lang='lat' dir='ltr'>refert</span> <span class='ocrx_word' id='word_1_29' title='bbox 1095 294 1270 329; x_wconf 80' lang='lat' dir='ltr'>Pereriusl.</span> <span class='ocrx_word' id='word_1_30' title='bbox 1283 291 1319 325; x_wconf 80' lang='lat' dir='ltr'>de</span> <span class='ocrx_word' id='word_1_31' title='bbox 1329 298 1432 339; x_wconf 75' lang='lat' dir='ltr'>magia</span> <span class='ocrx_word' id='word_1_32' title='bbox 1456 294 1488 326; x_wconf 71' lang='grc' dir='ltr'>δι</span> <span class='ocrx_word' id='word_1_33' title='bbox 1508 289 1638 337; x_wconf 80' lang='lat' dir='ltr'>scaliger</span> <span class='ocrx_word' id='word_1_34' title='bbox 1648 294 1784 328; x_wconf 80' lang='lat' dir='ltr'>exercit.</span> 
     </span>
     <span class='ocr_line' id='line_1_4' title="bbox 106 332 1781 387; baseline 0.005 -24"><span class='ocrx_word' id='word_1_35' title='bbox 106 332 186 381; x_wconf 63' lang='lat'>196.</span> <span class='ocrx_word' id='word_1_36' title='bbox 238 333 277 365; x_wconf 82' lang='lat' dir='ltr'>Et</span> <span class='ocrx_word' id='word_1_37' title='bbox 295 345 329 367; x_wconf 92' lang='lat' dir='ltr'>ut</span> <span class='ocrx_word' id='word_1_38' title='bbox 351 347 421 368; x_wconf 89' lang='lat' dir='ltr'>rem</span> <span class='ocrx_word' id='word_1_39' title='bbox 448 337 507 375; x_wconf 79' lang='lat' dir='ltr'>iis,</span> <span class='ocrx_word' id='word_1_40' title='bbox 545 349 618 383; x_wconf 83' lang='lat' dir='ltr'>quae</span> <span class='ocrx_word' id='word_1_41' title='bbox 640 342 748 373; x_wconf 89' lang='lat' dir='ltr'>minus</span> <span class='ocrx_word' id='word_1_42' title='bbox 770 350 1085 381; x_wconf 80' lang='lat' dir='ltr'>controvertuntur,</span> <span class='ocrx_word' id='word_1_43' title='bbox 1111 355 1146 376; x_wconf 89' lang='lat' dir='ltr'>ac</span> <span class='ocrx_word' id='word_1_44' title='bbox 1158 344 1327 387; x_wconf 90' lang='lat' dir='ltr'>propiores</span> <span class='ocrx_word' id='word_1_45' title='bbox 1342 344 1437 378; x_wconf 76' lang='lat' dir='ltr'>lunt,</span> <span class='ocrx_word' id='word_1_46' title='bbox 1463 339 1717 376; x_wconf 86' lang='lat' dir='ltr'>confirmemus,</span> <span class='ocrx_word' id='word_1_47' title='bbox 1741 352 1781 373; x_wconf 86' lang='lat' dir='ltr'>ex</span> 
     </span>
     <span class='ocr_line' id='line_1_5' title="bbox 101 379 1780 436; baseline 0.006 -24"><span class='ocrx_word' id='word_1_48' title='bbox 101 380 193 435; x_wconf 72' lang='lat' dir='ltr'>terro</span> <span class='ocrx_word' id='word_1_49' title='bbox 209 379 349 417; x_wconf 83' lang='lat' dir='ltr'>efficitur</span> <span class='ocrx_word' id='word_1_50' title='bbox 363 384 471 429; x_wconf 82' lang='lat' dir='ltr'>calybs</span> <span class='ocrx_word' id='word_1_51' title='bbox 481 387 634 420; x_wconf 84' lang='lat' dir='ltr'>imitante</span> <span class='ocrx_word' id='word_1_52' title='bbox 646 387 803 422; x_wconf 84' lang='lat' dir='ltr'>arteillud</span> <span class='ocrx_word' id='word_1_53' title='bbox 814 412 824 427; x_wconf 91' lang='lat'>,</span> <span class='ocrx_word' id='word_1_54' title='bbox 848 389 939 434; x_wconf 86' lang='lat' dir='ltr'>quod</span> <span class='ocrx_word' id='word_1_55' title='bbox 949 400 1065 423; x_wconf 86' lang='lat' dir='ltr'>natura</span> <span class='ocrx_word' id='word_1_56' title='bbox 1082 391 1252 436; x_wconf 72' lang='lat' dir='ltr'>praestatio</span> <span class='ocrx_word' id='word_1_57' title='bbox 1265 388 1414 434; x_wconf 84' lang='lat' dir='ltr'>plurimis</span> <span class='ocrx_word' id='word_1_58' title='bbox 1433 388 1510 423; x_wconf 86' lang='lat' dir='ltr'>ferri</span> <span class='ocrx_word' id='word_1_59' title='bbox 1521 387 1663 428; x_wconf 84' lang='lat' dir='ltr'>fodinis,</span> <span class='ocrx_word' id='word_1_60' title='bbox 1690 387 1731 421; x_wconf 87' lang='lat' dir='ltr'>fic</span> <span class='ocrx_word' id='word_1_61' title='bbox 1744 391 1780 422; x_wconf 68' lang='grc' dir='ltr'>ὃς</span> 
     </span>
     <span class='ocr_line' id='line_1_6' title="bbox 100 434 1779 483; baseline 0.005 -22"><span class='ocrx_word' id='word_1_62' title='bbox 100 440 188 462; x_wconf 77' lang='lat' dir='ltr'>aesiu</span> <span class='ocrx_word' id='word_1_63' title='bbox 200 434 377 477; x_wconf 69' lang='lat' dir='ltr'>aeruginem</span> <span class='ocrx_word' id='word_1_64' title='bbox 393 458 400 469; x_wconf 90' lang='lat'><strong>‚</strong></span> <span class='ocrx_word' id='word_1_65' title='bbox 428 434 601 478; x_wconf 80' lang='lat' dir='ltr'>plumbum</span> <span class='ocrx_word' id='word_1_66' title='bbox 612 437 646 469; x_wconf 88' lang='lat' dir='ltr'>in</span> <span class='ocrx_word' id='word_1_67' title='bbox 658 437 808 471; x_wconf 75' lang='lat' dir='ltr'>stannum</span> <span class='ocrx_word' id='word_1_68' title='bbox 818 449 885 471; x_wconf 83' lang='lat' dir='ltr'>arte</span> <span class='ocrx_word' id='word_1_69' title='bbox 900 448 1060 474; x_wconf 80' lang='lat' dir='ltr'>mutatur.</span> <span class='ocrx_word' id='word_1_70' title='bbox 1114 441 1236 472; x_wconf 85' lang='lat' dir='ltr'>Pariter</span> <span class='ocrx_word' id='word_1_71' title='bbox 1246 450 1284 471; x_wconf 89' lang='lat' dir='ltr'>ex</span> <span class='ocrx_word' id='word_1_72' title='bbox 1298 438 1454 483; x_wconf 88' lang='lat' dir='ltr'>plumbo,</span> <span class='ocrx_word' id='word_1_73' title='bbox 1483 440 1534 471; x_wconf 91' lang='lat' dir='ltr'>cui</span> <span class='ocrx_word' id='word_1_74' title='bbox 1545 439 1696 471; x_wconf 81' lang='lat' dir='ltr'>miicetur</span> <span class='ocrx_word' id='word_1_75' title='bbox 1707 448 1779 470; x_wconf 88' lang='lat' dir='ltr'>ace-</span> 
     </span>
     <span class='ocr_line' id='line_1_7' title="bbox 103 482 1782 523; baseline 0.002 -8"><span class='ocrx_word' id='word_1_76' title='bbox 103 488 173 510; x_wconf 76' lang='lat' dir='ltr'>tum</span> <span class='ocrx_word' id='word_1_77' title='bbox 185 501 195 515; x_wconf 80' lang='lat'>‚</span> <span class='ocrx_word' id='word_1_78' title='bbox 222 482 340 514; x_wconf 77' lang='lat' dir='ltr'>dicitur</span> <span class='ocrx_word' id='word_1_79' title='bbox 352 482 469 517; x_wconf 87' lang='lat' dir='ltr'>confici</span> <span class='ocrx_word' id='word_1_80' title='bbox 481 482 600 518; x_wconf 77' lang='lat' dir='ltr'>cerussa</span> <span class='ocrx_word' id='word_1_81' title='bbox 614 508 623 523; x_wconf 89' lang='lat'>‚</span> <span class='ocrx_word' id='word_1_82' title='bbox 649 488 714 520; x_wconf 83' lang='lat' dir='ltr'>haec</span> <span class='ocrx_word' id='word_1_83' title='bbox 730 486 750 520; x_wconf 80' lang='lat' dir='ltr'>fi</span> <span class='ocrx_word' id='word_1_84' title='bbox 769 489 923 520; x_wconf 78' lang='lat' dir='ltr'>aduratur</span> <span class='ocrx_word' id='word_1_85' title='bbox 937 508 947 523; x_wconf 89' lang='lat'>‚</span> <span class='ocrx_word' id='word_1_86' title='bbox 975 486 1043 520; x_wconf 80' lang='lat' dir='ltr'>fieri</span> <span class='ocrx_word' id='word_1_87' title='bbox 1055 486 1224 522; x_wconf 80' lang='lat' dir='ltr'>sandaraca</span> <span class='ocrx_word' id='word_1_88' title='bbox 1237 486 1366 523; x_wconf 64' lang='lat' dir='ltr'>fictitia.</span> <span class='ocrx_word' id='word_1_89' title='bbox 1419 486 1629 520; x_wconf 80' lang='lat' dir='ltr'>Orichalcum</span> <span class='ocrx_word' id='word_1_90' title='bbox 1640 489 1782 519; x_wconf 85' lang='lat' dir='ltr'>omnino</span> 
     </span>
     <span class='ocr_line' id='line_1_8' title="bbox 101 525 1779 583; baseline 0.006 -25"><span class='ocrx_word' id='word_1_91' title='bbox 101 525 205 561; x_wconf 82' lang='lat' dir='ltr'>fimile</span> <span class='ocrx_word' id='word_1_92' title='bbox 221 531 384 568; x_wconf 80' lang='lat' dir='ltr'>naturali,</span> <span class='ocrx_word' id='word_1_93' title='bbox 410 535 445 566; x_wconf 75' lang='grc' dir='ltr'>δε</span> <span class='ocrx_word' id='word_1_94' title='bbox 468 532 566 566; x_wconf 75' lang='lat' dir='ltr'>foffili</span> <span class='ocrx_word' id='word_1_95' title='bbox 582 533 618 567; x_wconf 82' lang='lat' dir='ltr'>fit</span> <span class='ocrx_word' id='word_1_96' title='bbox 636 547 674 567; x_wconf 86' lang='lat' dir='ltr'>ex</span> <span class='ocrx_word' id='word_1_97' title='bbox 688 547 766 573; x_wconf 85' lang='lat' dir='ltr'>aere,</span> <span class='ocrx_word' id='word_1_98' title='bbox 793 537 868 569; x_wconf 90' lang='lat' dir='ltr'>vitri</span> <span class='ocrx_word' id='word_1_99' title='bbox 891 535 1044 582; x_wconf 86' lang='lat' dir='ltr'>pulvere,</span> <span class='ocrx_word' id='word_1_100' title='bbox 1072 537 1236 583; x_wconf 81' lang='lat' dir='ltr'>&amp;lapidis</span> <span class='ocrx_word' id='word_1_101' title='bbox 1249 535 1452 569; x_wconf 80' lang='lat' dir='ltr'>calaminaris</span> <span class='ocrx_word' id='word_1_102' title='bbox 1467 536 1610 570; x_wconf 58' lang='lat' dir='ltr'>tinctura</span> <span class='ocrx_word' id='word_1_103' title='bbox 1626 546 1681 581; x_wconf 90' lang='lat' dir='ltr'>per</span> <span class='ocrx_word' id='word_1_104' title='bbox 1692 536 1779 581; x_wconf 78' lang='lat' dir='ltr'>ignis</span> 
     </span>
     <span class='ocr_line' id='line_1_9' title="bbox 96 578 1777 631; baseline 0.005 -23"><span class='ocrx_word' id='word_1_105' title='bbox 96 578 304 612; x_wconf 82' lang='lat' dir='ltr'>adustionem</span> <span class='ocrx_word' id='word_1_106' title='bbox 326 582 360 612; x_wconf 86' lang='lat' dir='ltr'>in</span> <span class='ocrx_word' id='word_1_107' title='bbox 376 578 531 620; x_wconf 81' lang='lat' dir='ltr'>fornace,</span> <span class='ocrx_word' id='word_1_108' title='bbox 557 594 614 616; x_wconf 90' lang='lat' dir='ltr'>cut</span> <span class='ocrx_word' id='word_1_109' title='bbox 635 596 703 617; x_wconf 73' lang='lat' dir='ltr'>non</span> <span class='ocrx_word' id='word_1_110' title='bbox 724 586 825 631; x_wconf 87' lang='lat' dir='ltr'>igitur</span> <span class='ocrx_word' id='word_1_111' title='bbox 843 588 876 619; x_wconf 71' lang='grc' dir='ltr'>ὅ(</span> <span class='ocrx_word' id='word_1_112' title='bbox 902 583 1113 620; x_wconf 84' lang='lat' dir='ltr'>metallorum</span> <span class='ocrx_word' id='word_1_113' title='bbox 1134 590 1168 620; x_wconf 90' lang='lat' dir='ltr'>in</span> <span class='ocrx_word' id='word_1_114' title='bbox 1186 596 1302 619; x_wconf 76' lang='lat' dir='ltr'>aurum</span> <span class='ocrx_word' id='word_1_115' title='bbox 1314 584 1483 618; x_wconf 79' lang='lat' dir='ltr'>convetfio</span> <span class='ocrx_word' id='word_1_116' title='bbox 1501 583 1630 630; x_wconf 81' lang='lat' dir='ltr'>physice</span> <span class='ocrx_word' id='word_1_117' title='bbox 1644 585 1777 630; x_wconf 78' lang='lat' dir='ltr'>postibi·-</span> 
     </span>
     <span class='ocr_line' id='line_1_10' title="bbox 99 625 1776 681; baseline 0.008 -23"><span class='ocrx_word' id='word_1_118' title='bbox 99 625 139 658; x_wconf 84' lang='lat' dir='ltr'>hs</span> <span class='ocrx_word' id='word_1_119' title='bbox 159 625 259 664; x_wconf 81' lang='lat' dir='ltr'>foret.</span> <span class='ocrx_word' id='word_1_120' title='bbox 310 630 443 670; x_wconf 80' lang='lat' dir='ltr'>Qarto</span> <span class='ocrx_word' id='word_1_121' title='bbox 461 632 596 664; x_wconf 84' lang='lat' dir='ltr'>demum</span> <span class='ocrx_word' id='word_1_122' title='bbox 621 645 689 666; x_wconf 85' lang='lat' dir='ltr'>non</span> <span class='ocrx_word' id='word_1_123' title='bbox 705 636 835 667; x_wconf 86' lang='lat' dir='ltr'>videtur</span> <span class='ocrx_word' id='word_1_124' title='bbox 857 635 1084 680; x_wconf 79' lang='lat' dir='ltr'>denegandum</span> <span class='ocrx_word' id='word_1_125' title='bbox 1108 635 1261 681; x_wconf 68' lang='lat' dir='ltr'>Angelis,</span> <span class='ocrx_word' id='word_1_126' title='bbox 1287 634 1378 680; x_wconf 71' lang='lat' dir='ltr'>quod</span> <span class='ocrx_word' id='word_1_127' title='bbox 1392 633 1523 666; x_wconf 65' lang='lat' dir='ltr'>{cientia</span> <span class='ocrx_word' id='word_1_128' title='bbox 1535 635 1593 667; x_wconf 67' lang='lat' dir='ltr'>bac</span> <span class='ocrx_word' id='word_1_129' title='bbox 1606 633 1776 679; x_wconf 76' lang='lat' dir='ltr'>polleant,</span> 
     </span>
     <span class='ocr_line' id='line_1_11' title="bbox 96 674 1778 731; baseline 0.005 -23"><span class='ocrx_word' id='word_1_130' title='bbox 96 674 370 723; x_wconf 62' lang='lat' dir='ltr'>quaapplicanoo</span> <span class='ocrx_word' id='word_1_131' title='bbox 386 679 491 712; x_wconf 59' lang='lat' dir='ltr'>activa</span> <span class='ocrx_word' id='word_1_132' title='bbox 516 679 644 725; x_wconf 79' lang='lat' dir='ltr'>paflivis</span> <span class='ocrx_word' id='word_1_133' title='bbox 667 684 758 726; x_wconf 81' lang='lat' dir='ltr'>poffit</span> <span class='ocrx_word' id='word_1_134' title='bbox 782 681 851 716; x_wconf 85' lang='lat' dir='ltr'>fieri</span> <span class='ocrx_word' id='word_1_135' title='bbox 874 694 1014 727; x_wconf 85' lang='lat' dir='ltr'>aurum,</span> <span class='ocrx_word' id='word_1_136' title='bbox 1039 695 1096 718; x_wconf 92' lang='lat' dir='ltr'>cur</span> <span class='ocrx_word' id='word_1_137' title='bbox 1116 697 1197 731; x_wconf 74' lang='lat' dir='ltr'>ergo</span> <span class='ocrx_word' id='word_1_138' title='bbox 1216 683 1333 730; x_wconf 81' lang='lat' dir='ltr'>Angeli</span> <span class='ocrx_word' id='word_1_139' title='bbox 1347 694 1415 716; x_wconf 91' lang='lat' dir='ltr'>non</span> <span class='ocrx_word' id='word_1_140' title='bbox 1435 682 1555 728; x_wconf 86' lang='lat' dir='ltr'>possint</span> <span class='ocrx_word' id='word_1_141' title='bbox 1580 685 1778 729; x_wconf 83' lang='lat' dir='ltr'>permitente</span> 
     </span>
     <span class='ocr_line' id='line_1_12' title="bbox 95 727 887 767; baseline 0.011 -9"><span class='ocrx_word' id='word_1_142' title='bbox 95 727 169 759; x_wconf 86' lang='lat' dir='ltr'>Deo</span> <span class='ocrx_word' id='word_1_143' title='bbox 179 728 262 759; x_wconf 84' lang='lat' dir='ltr'>hanc</span> <span class='ocrx_word' id='word_1_144' title='bbox 270 737 374 760; x_wconf 85' lang='lat' dir='ltr'>artem</span> <span class='ocrx_word' id='word_1_145' title='bbox 382 729 478 761; x_wconf 88' lang='lat' dir='ltr'>alicui</span> <span class='ocrx_word' id='word_1_146' title='bbox 489 728 617 763; x_wconf 81' lang='lat' dir='ltr'>homini</span> <span class='ocrx_word' id='word_1_147' title='bbox 629 742 887 767; x_wconf 80' lang='lat' dir='ltr'>communicare.</span> 
     </span>
    </p>
   </div>
   <div class='ocr_carea' id='block_1_3' title="bbox 76 788 1779 2071">
    <p class='ocr_par' dir='ltr' id='par_1_3' title="bbox 76 788 1779 2071">
     <span class='ocr_line' id='line_1_13' title="bbox 191 788 1775 839; baseline 0.001 -17"><span class='ocrx_word' id='word_1_148' title='bbox 191 788 371 824; x_wconf 77' lang='lat' dir='ltr'>Conclusio</span> <span class='ocrx_word' id='word_1_149' title='bbox 382 801 507 839; x_wconf 84' lang='lat' dir='ltr'>quarta.</span> <span class='ocrx_word' id='word_1_150' title='bbox 558 791 638 826; x_wconf 85' lang='lat' dir='ltr'>Non</span> <span class='ocrx_word' id='word_1_151' title='bbox 647 794 882 828; x_wconf 87' lang='lat' dir='ltr'>videturetiam</span> <span class='ocrx_word' id='word_1_152' title='bbox 896 792 1062 828; x_wconf 79' lang='lat' dir='ltr'>moraliter</span> <span class='ocrx_word' id='word_1_153' title='bbox 1073 791 1269 839; x_wconf 81' lang='lat' dir='ltr'>impossibile</span> <span class='ocrx_word' id='word_1_154' title='bbox 1284 804 1339 838; x_wconf 90' lang='lat' dir='ltr'>per</span> <span class='ocrx_word' id='word_1_155' title='bbox 1349 790 1602 838; x_wconf 79' lang='lat' dir='ltr'>applicationem</span> <span class='ocrx_word' id='word_1_156' title='bbox 1616 790 1775 824; x_wconf 85' lang='lat' dir='ltr'>artificio-</span> 
     </span>
     <span class='ocr_line' id='line_1_14' title="bbox 96 835 1776 888; baseline -0.001 -13"><span class='ocrx_word' id='word_1_157' title='bbox 96 835 162 872; x_wconf 61' lang='grc' dir='ltr'>ΕΠ)</span> <span class='ocrx_word' id='word_1_158' title='bbox 178 839 361 875; x_wconf 69' lang='lat' dir='ltr'>affivotum</span> <span class='ocrx_word' id='word_1_159' title='bbox 388 853 465 875; x_wconf 89' lang='lat' dir='ltr'>cum</span> <span class='ocrx_word' id='word_1_160' title='bbox 486 841 614 887; x_wconf 79' lang='lat' dir='ltr'>paflivis</span> <span class='ocrx_word' id='word_1_161' title='bbox 635 854 753 877; x_wconf 85' lang='lat' dir='ltr'>aurum</span> <span class='ocrx_word' id='word_1_162' title='bbox 774 855 886 878; x_wconf 88' lang='lat' dir='ltr'>verum</span> <span class='ocrx_word' id='word_1_163' title='bbox 897 843 991 888; x_wconf 76' lang='lat' dir='ltr'>fieri3</span> <span class='ocrx_word' id='word_1_164' title='bbox 1026 840 1158 876; x_wconf 71' lang='lat' dir='ltr'>effectio</span> <span class='ocrx_word' id='word_1_165' title='bbox 1178 854 1287 876; x_wconf 86' lang='lat' dir='ltr'>tamen</span> <span class='ocrx_word' id='word_1_166' title='bbox 1303 843 1368 876; x_wconf 84' lang='lat' dir='ltr'>haec</span> <span class='ocrx_word' id='word_1_167' title='bbox 1389 842 1571 875; x_wconf 84' lang='lat' dir='ltr'>admodum</span> <span class='ocrx_word' id='word_1_168' title='bbox 1586 838 1776 874; x_wconf 84' lang='lat' dir='ltr'>difficilis&amp;</span> 
     </span>
     <span class='ocr_line' id='line_1_15' title="bbox 94 888 1776 939; baseline 0.001 -18"><span class='ocrx_word' id='word_1_169' title='bbox 94 888 292 933; x_wconf 83' lang='lat' dir='ltr'>petraraest,</span> <span class='ocrx_word' id='word_1_170' title='bbox 339 891 383 923; x_wconf 84' lang='lat' dir='ltr'>lta</span> <span class='ocrx_word' id='word_1_171' title='bbox 394 890 504 924; x_wconf 67' lang='lat' dir='ltr'>cenfet</span> <span class='ocrx_word' id='word_1_172' title='bbox 515 890 662 928; x_wconf 83' lang='lat' dir='ltr'>Delriol.</span> <span class='ocrx_word' id='word_1_173' title='bbox 676 891 866 938; x_wconf 61' lang='lat' dir='ltr'>diequifirc,</span> <span class='ocrx_word' id='word_1_174' title='bbox 881 904 910 939; x_wconf 79' lang='grc' dir='ltr'>ς.</span> <span class='ocrx_word' id='word_1_175' title='bbox 924 893 998 925; x_wconf 72' lang='grc' dir='ltr'>(εᾶ.</span> <span class='ocrx_word' id='word_1_176' title='bbox 1020 904 1051 927; x_wconf 89' lang='lat'>2.</span> <span class='ocrx_word' id='word_1_177' title='bbox 1069 891 1218 927; x_wconf 77' lang='lat' dir='ltr'>Bisciola.</span> <span class='ocrx_word' id='word_1_178' title='bbox 1245 893 1392 924; x_wconf 81' lang='lat' dir='ltr'>Andreas</span> <span class='ocrx_word' id='word_1_179' title='bbox 1412 890 1577 927; x_wconf 78' lang='lat' dir='ltr'>Libanius.</span> <span class='ocrx_word' id='word_1_180' title='bbox 1604 892 1776 924; x_wconf 84' lang='lat' dir='ltr'>Antonius</span> 
     </span>
     <span class='ocr_line' id='line_1_16' title="bbox 93 935 1774 987; baseline -0.002 -12"><span class='ocrx_word' id='word_1_181' title='bbox 93 935 342 985; x_wconf 46' lang='lat' dir='ltr'>Mirandolan&amp;</span> <span class='ocrx_word' id='word_1_182' title='bbox 353 939 526 974; x_wconf 77' lang='lat' dir='ltr'>Cardanus</span> <span class='ocrx_word' id='word_1_183' title='bbox 535 963 546 978; x_wconf 85' lang='lat'>,</span> <span class='ocrx_word' id='word_1_184' title='bbox 557 940 725 975; x_wconf 80' lang='lat' dir='ltr'>Fernelius</span> <span class='ocrx_word' id='word_1_185' title='bbox 736 946 769 977; x_wconf 68' lang='grc' dir='ltr'>ὃς</span> <span class='ocrx_word' id='word_1_186' title='bbox 782 943 970 987; x_wconf 77' lang='lat' dir='ltr'>complures</span> <span class='ocrx_word' id='word_1_187' title='bbox 979 940 1048 977; x_wconf 82' lang='lat' dir='ltr'>alii.</span> <span class='ocrx_word' id='word_1_188' title='bbox 1083 943 1184 975; x_wconf 82' lang='lat' dir='ltr'>Ratio</span> <span class='ocrx_word' id='word_1_189' title='bbox 1193 940 1251 978; x_wconf 87' lang='lat' dir='ltr'>est,</span> <span class='ocrx_word' id='word_1_190' title='bbox 1262 943 1340 985; x_wconf 90' lang='lat' dir='ltr'>quia</span> <span class='ocrx_word' id='word_1_191' title='bbox 1350 941 1395 973; x_wconf 84' lang='lat' dir='ltr'>sat</span> <span class='ocrx_word' id='word_1_192' title='bbox 1407 938 1575 985; x_wconf 76' lang='lat' dir='ltr'>probabile</span> <span class='ocrx_word' id='word_1_193' title='bbox 1585 939 1629 972; x_wconf 91' lang='lat' dir='ltr'>est</span> <span class='ocrx_word' id='word_1_194' title='bbox 1639 937 1774 972; x_wconf 69' lang='lat' dir='ltr'>defacto</span> 
     </span>
     <span class='ocr_line' id='line_1_17' title="bbox 92 986 1774 1037; baseline 0.002 -19"><span class='ocrx_word' id='word_1_195' title='bbox 92 986 202 1031; x_wconf 88' lang='lat' dir='ltr'>plures</span> <span class='ocrx_word' id='word_1_196' title='bbox 214 997 269 1031; x_wconf 90' lang='lat' dir='ltr'>per</span> <span class='ocrx_word' id='word_1_197' title='bbox 282 999 384 1021; x_wconf 86' lang='lat' dir='ltr'>artem</span> <span class='ocrx_word' id='word_1_198' title='bbox 396 1000 508 1023; x_wconf 88' lang='lat' dir='ltr'>verum</span> <span class='ocrx_word' id='word_1_199' title='bbox 522 1001 637 1023; x_wconf 91' lang='lat' dir='ltr'>aurum</span> <span class='ocrx_word' id='word_1_200' title='bbox 649 989 779 1036; x_wconf 78' lang='lat' dir='ltr'>feciffe3</span> <span class='ocrx_word' id='word_1_201' title='bbox 807 991 941 1037; x_wconf 83' lang='lat' dir='ltr'>plurimi</span> <span class='ocrx_word' id='word_1_202' title='bbox 955 993 1044 1024; x_wconf 89' lang='lat' dir='ltr'>enim</span> <span class='ocrx_word' id='word_1_203' title='bbox 1060 989 1202 1036; x_wconf 88' lang='lat' dir='ltr'>probati,</span> <span class='ocrx_word' id='word_1_204' title='bbox 1217 992 1312 1034; x_wconf 88' lang='lat' dir='ltr'>periti</span> <span class='ocrx_word' id='word_1_205' title='bbox 1327 992 1360 1023; x_wconf 71' lang='grc' dir='ltr'>δε</span> <span class='ocrx_word' id='word_1_206' title='bbox 1377 989 1441 1022; x_wconf 83' lang='lat' dir='ltr'>fide</span> <span class='ocrx_word' id='word_1_207' title='bbox 1461 987 1637 1034; x_wconf 71' lang='lat' dir='ltr'>digniffimi</span> <span class='ocrx_word' id='word_1_208' title='bbox 1653 989 1713 1021; x_wconf 86' lang='lat' dir='ltr'>viri</span> <span class='ocrx_word' id='word_1_209' title='bbox 1724 987 1774 1021; x_wconf 80' lang='lat' dir='ltr'>al-</span> 
     </span>
     <span class='ocr_line' id='line_1_18' title="bbox 95 1033 1776 1085; baseline 0.001 -17"><span class='ocrx_word' id='word_1_210' title='bbox 95 1033 205 1068; x_wconf 86' lang='lat' dir='ltr'>serunt</span> <span class='ocrx_word' id='word_1_211' title='bbox 218 1033 248 1068; x_wconf 83' lang='lat' dir='ltr'>se</span> <span class='ocrx_word' id='word_1_212' title='bbox 261 1035 375 1070; x_wconf 66' lang='lat' dir='ltr'>vidisse</span> <span class='ocrx_word' id='word_1_213' title='bbox 390 1060 400 1075; x_wconf 92' lang='lat'>,</span> <span class='ocrx_word' id='word_1_214' title='bbox 427 1049 462 1072; x_wconf 94' lang='lat' dir='ltr'>ac</span> <span class='ocrx_word' id='word_1_215' title='bbox 473 1038 534 1072; x_wconf 68' lang='lat' dir='ltr'>rite</span> <span class='ocrx_word' id='word_1_216' title='bbox 544 1036 695 1085; x_wconf 82' lang='lat' dir='ltr'>probasle</span> <span class='ocrx_word' id='word_1_217' title='bbox 711 1052 823 1074; x_wconf 89' lang='lat' dir='ltr'>verum</span> <span class='ocrx_word' id='word_1_218' title='bbox 836 1044 869 1074; x_wconf 85' lang='lat'>&amp;</span> <span class='ocrx_word' id='word_1_219' title='bbox 884 1038 1046 1074; x_wconf 81' lang='lat' dir='ltr'>sincerum</span> <span class='ocrx_word' id='word_1_220' title='bbox 1056 1051 1171 1073; x_wconf 83' lang='lat' dir='ltr'>aurum</span> <span class='ocrx_word' id='word_1_221' title='bbox 1187 1039 1309 1072; x_wconf 68' lang='lat' dir='ltr'>iactam</span> <span class='ocrx_word' id='word_1_222' title='bbox 1326 1049 1381 1083; x_wconf 83' lang='lat' dir='ltr'>per</span> <span class='ocrx_word' id='word_1_223' title='bbox 1393 1048 1495 1070; x_wconf 84' lang='lat' dir='ltr'>artem</span> <span class='ocrx_word' id='word_1_224' title='bbox 1509 1037 1714 1081; x_wconf 81' lang='lat' dir='ltr'>chymicam3</span> <span class='ocrx_word' id='word_1_225' title='bbox 1734 1035 1776 1070; x_wconf 86' lang='lat' dir='ltr'>fic</span> 
     </span>
     <span class='ocr_line' id='line_1_19' title="bbox 90 1083 1774 1134; baseline 0 -16"><span class='ocrx_word' id='word_1_226' title='bbox 90 1083 259 1118; x_wconf 79' lang='lat' dir='ltr'>Arnoldus</span> <span class='ocrx_word' id='word_1_227' title='bbox 269 1085 510 1121; x_wconf 85' lang='lat' dir='ltr'>Villanovanus</span> <span class='ocrx_word' id='word_1_228' title='bbox 519 1087 662 1134; x_wconf 85' lang='lat' dir='ltr'>virgulas</span> <span class='ocrx_word' id='word_1_229' title='bbox 673 1101 784 1123; x_wconf 86' lang='lat' dir='ltr'>aureas</span> <span class='ocrx_word' id='word_1_230' title='bbox 793 1102 848 1133; x_wconf 83' lang='lat' dir='ltr'>per</span> <span class='ocrx_word' id='word_1_231' title='bbox 858 1100 959 1122; x_wconf 85' lang='lat' dir='ltr'>artem</span> <span class='ocrx_word' id='word_1_232' title='bbox 971 1086 1093 1128; x_wconf 84' lang='lat' dir='ltr'>effecit,</span> <span class='ocrx_word' id='word_1_233' title='bbox 1119 1088 1239 1134; x_wconf 82' lang='lat' dir='ltr'>t&#39;asque</span> <span class='ocrx_word' id='word_1_234' title='bbox 1250 1089 1403 1120; x_wconf 89' lang='lat' dir='ltr'>omnium</span> <span class='ocrx_word' id='word_1_235' title='bbox 1414 1088 1557 1119; x_wconf 79' lang='lat' dir='ltr'>examini</span> <span class='ocrx_word' id='word_1_236' title='bbox 1568 1088 1680 1120; x_wconf 74' lang='lat' dir='ltr'>Romae</span> <span class='ocrx_word' id='word_1_237' title='bbox 1695 1084 1774 1118; x_wconf 80' lang='lat' dir='ltr'>iub-</span> 
     </span>
     <span class='ocr_line' id='line_1_20' title="bbox 85 1133 1774 1184; baseline 0.001 -18"><span class='ocrx_word' id='word_1_238' title='bbox 85 1134 184 1180; x_wconf 78' lang='lat' dir='ltr'>jecit,</span> <span class='ocrx_word' id='word_1_239' title='bbox 210 1144 247 1168; x_wconf 91' lang='lat' dir='ltr'>ut</span> <span class='ocrx_word' id='word_1_240' title='bbox 264 1133 508 1179; x_wconf 82' lang='lat' dir='ltr'>referuntJutis</span> <span class='ocrx_word' id='word_1_241' title='bbox 519 1135 674 1171; x_wconf 81' lang='lat' dir='ltr'>Consulti</span> <span class='ocrx_word' id='word_1_242' title='bbox 684 1137 954 1184; x_wconf 86' lang='lat' dir='ltr'>graviffimiapud</span> <span class='ocrx_word' id='word_1_243' title='bbox 970 1139 1133 1171; x_wconf 86' lang='lat' dir='ltr'>Delrium.</span> <span class='ocrx_word' id='word_1_244' title='bbox 1203 1137 1289 1170; x_wconf 80' lang='lat' dir='ltr'>idem</span> <span class='ocrx_word' id='word_1_245' title='bbox 1301 1136 1492 1181; x_wconf 85' lang='lat' dir='ltr'>perhibetur</span> <span class='ocrx_word' id='word_1_246' title='bbox 1506 1135 1682 1181; x_wconf 82' lang='lat' dir='ltr'>ptaestitisse</span> <span class='ocrx_word' id='word_1_247' title='bbox 1695 1137 1774 1168; x_wconf 85' lang='lat' dir='ltr'>Ber..</span> 
     </span>
     <span class='ocr_line' id='line_1_21' title="bbox 86 1182 1775 1232; baseline 0.001 -16"><span class='ocrx_word' id='word_1_248' title='bbox 86 1182 226 1217; x_wconf 89' lang='lat' dir='ltr'>nardum</span> <span class='ocrx_word' id='word_1_249' title='bbox 238 1184 454 1219; x_wconf 78' lang='lat' dir='ltr'>Trevisanum</span> <span class='ocrx_word' id='word_1_250' title='bbox 466 1189 499 1218; x_wconf 91' lang='lat' dir='ltr'>in</span> <span class='ocrx_word' id='word_1_251' title='bbox 510 1185 616 1219; x_wconf 82' lang='lat' dir='ltr'>Gallia</span> <span class='ocrx_word' id='word_1_252' title='bbox 627 1210 637 1226; x_wconf 91' lang='lat'>,</span> <span class='ocrx_word' id='word_1_253' title='bbox 658 1189 894 1232; x_wconf 84' lang='lat' dir='ltr'>Raymundum</span> <span class='ocrx_word' id='word_1_254' title='bbox 909 1186 1039 1221; x_wconf 88' lang='lat' dir='ltr'>Lullum</span> <span class='ocrx_word' id='word_1_255' title='bbox 1050 1188 1083 1220; x_wconf 88' lang='lat' dir='ltr'>in</span> <span class='ocrx_word' id='word_1_256' title='bbox 1097 1185 1228 1232; x_wconf 76' lang='lat' dir='ltr'>Anglia.</span> <span class='ocrx_word' id='word_1_257' title='bbox 1280 1184 1393 1219; x_wconf 82' lang='lat' dir='ltr'>Kelius</span> <span class='ocrx_word' id='word_1_258' title='bbox 1405 1184 1534 1232; x_wconf 82' lang='lat' dir='ltr'>Anglus</span> <span class='ocrx_word' id='word_1_259' title='bbox 1544 1183 1660 1217; x_wconf 85' lang='lat' dir='ltr'>libram</span> <span class='ocrx_word' id='word_1_260' title='bbox 1673 1195 1775 1218; x_wconf 79' lang='lat' dir='ltr'>unam</span> 
     </span>
     <span class='ocr_line' id='line_1_22' title="bbox 87 1232 1779 1283; baseline 0.001 -19"><span class='ocrx_word' id='word_1_261' title='bbox 87 1235 218 1279; x_wconf 84' lang='lat' dir='ltr'>argenti</span> <span class='ocrx_word' id='word_1_262' title='bbox 232 1234 298 1267; x_wconf 87' lang='lat' dir='ltr'>vivi</span> <span class='ocrx_word' id='word_1_263' title='bbox 309 1235 406 1268; x_wconf 63' lang='lat' dir='ltr'>unica</span> <span class='ocrx_word' id='word_1_264' title='bbox 420 1234 560 1281; x_wconf 87' lang='lat' dir='ltr'>liquoris</span> <span class='ocrx_word' id='word_1_265' title='bbox 569 1234 781 1271; x_wconf 84' lang='lat' dir='ltr'>rubicundiffi</span> <span class='ocrx_word' id='word_1_266' title='bbox 790 1239 832 1270; x_wconf 89' lang='lat' dir='ltr'>mi</span> <span class='ocrx_word' id='word_1_267' title='bbox 844 1236 974 1283; x_wconf 70' lang='lat' dir='ltr'>guttula</span> <span class='ocrx_word' id='word_1_268' title='bbox 986 1239 1020 1270; x_wconf 87' lang='lat' dir='ltr'>in</span> <span class='ocrx_word' id='word_1_269' title='bbox 1036 1247 1152 1269; x_wconf 87' lang='lat' dir='ltr'>aurum</span> <span class='ocrx_word' id='word_1_270' title='bbox 1167 1237 1353 1281; x_wconf 80' lang='lat' dir='ltr'>convertit3</span> <span class='ocrx_word' id='word_1_271' title='bbox 1380 1233 1448 1267; x_wconf 77' lang='lat' dir='ltr'>imo</span> <span class='ocrx_word' id='word_1_272' title='bbox 1468 1245 1631 1267; x_wconf 88' lang='lat' dir='ltr'>tantarum</span> <span class='ocrx_word' id='word_1_273' title='bbox 1643 1234 1695 1266; x_wconf 90' lang='lat' dir='ltr'>hic</span> <span class='ocrx_word' id='word_1_274' title='bbox 1705 1232 1779 1278; x_wconf 89' lang='lat' dir='ltr'>pul—</span> 
     </span>
     <span class='ocr_line' id='line_1_23' title="bbox 86 1281 1773 1333; baseline 0.001 -19"><span class='ocrx_word' id='word_1_275' title='bbox 86 1283 135 1314; x_wconf 78' lang='lat' dir='ltr'>vis</span> <span class='ocrx_word' id='word_1_276' title='bbox 145 1281 334 1327; x_wconf 85' lang='lat' dir='ltr'>perhibetur</span> <span class='ocrx_word' id='word_1_277' title='bbox 345 1281 440 1317; x_wconf 85' lang='lat' dir='ltr'>fuilse</span> <span class='ocrx_word' id='word_1_278' title='bbox 451 1286 570 1318; x_wconf 89' lang='lat' dir='ltr'>virium</span> <span class='ocrx_word' id='word_1_279' title='bbox 584 1295 621 1318; x_wconf 85' lang='lat' dir='ltr'>ut</span> <span class='ocrx_word' id='word_1_280' title='bbox 631 1297 699 1319; x_wconf 88' lang='lat' dir='ltr'>uno</span> <span class='ocrx_word' id='word_1_281' title='bbox 712 1298 816 1332; x_wconf 85' lang='lat' dir='ltr'>grano</span> <span class='ocrx_word' id='word_1_282' title='bbox 826 1290 977 1332; x_wconf 80' lang='lat' dir='ltr'>quinque</span> <span class='ocrx_word' id='word_1_283' title='bbox 995 1287 1137 1333; x_wconf 81' lang='lat' dir='ltr'>tingeret</span> <span class='ocrx_word' id='word_1_284' title='bbox 1156 1283 1258 1318; x_wconf 85' lang='lat' dir='ltr'>millia</span> <span class='ocrx_word' id='word_1_285' title='bbox 1273 1312 1285 1332; x_wconf 55' lang='lat'>9</span> <span class='ocrx_word' id='word_1_286' title='bbox 1310 1287 1344 1318; x_wconf 90' lang='lat'>&amp;</span> <span class='ocrx_word' id='word_1_287' title='bbox 1363 1295 1431 1317; x_wconf 88' lang='lat' dir='ltr'>uno</span> <span class='ocrx_word' id='word_1_288' title='bbox 1441 1284 1550 1316; x_wconf 87' lang='lat' dir='ltr'>decern</span> <span class='ocrx_word' id='word_1_289' title='bbox 1564 1284 1690 1316; x_wconf 80' lang='lat' dir='ltr'>circiter</span> <span class='ocrx_word' id='word_1_290' title='bbox 1701 1284 1773 1316; x_wconf 89' lang='lat' dir='ltr'>auri</span> 
     </span>
     <span class='ocr_line' id='line_1_24' title="bbox 84 1331 1768 1383; baseline 0.001 -20"><span class='ocrx_word' id='word_1_291' title='bbox 84 1331 355 1376; x_wconf 86' lang='lat' dir='ltr'>puriextraheret</span> <span class='ocrx_word' id='word_1_292' title='bbox 367 1334 490 1369; x_wconf 83' lang='lat' dir='ltr'>uncias.</span> <span class='ocrx_word' id='word_1_293' title='bbox 515 1337 651 1371; x_wconf 79' lang='lat' dir='ltr'>Sennert.</span> <span class='ocrx_word' id='word_1_294' title='bbox 662 1333 699 1368; x_wconf 85' lang='lat' dir='ltr'>de</span> <span class='ocrx_word' id='word_1_295' title='bbox 708 1337 838 1383; x_wconf 70' lang='lat' dir='ltr'>consens.</span> <span class='ocrx_word' id='word_1_296' title='bbox 852 1335 889 1371; x_wconf 60' lang='grc' dir='ltr'>(ῥ’</span> <span class='ocrx_word' id='word_1_297' title='bbox 901 1334 999 1379; x_wconf 76' lang='lat' dir='ltr'>dzffen.</span> <span class='ocrx_word' id='word_1_298' title='bbox 1010 1347 1038 1371; x_wconf 88' lang='lat' dir='ltr'>c.</span> <span class='ocrx_word' id='word_1_299' title='bbox 1054 1346 1087 1371; x_wconf 79' lang='lat'>2.</span> <span class='ocrx_word' id='word_1_300' title='bbox 1138 1335 1228 1377; x_wconf 79' lang='lat' dir='ltr'>Qid</span> <span class='ocrx_word' id='word_1_301' title='bbox 1240 1337 1273 1367; x_wconf 87' lang='lat'>&amp;</span> <span class='ocrx_word' id='word_1_302' title='bbox 1288 1332 1536 1379; x_wconf 82' lang='lat' dir='ltr'>Theophrastus</span> <span class='ocrx_word' id='word_1_303' title='bbox 1547 1331 1663 1365; x_wconf 78' lang='lat' dir='ltr'>fecerit</span> <span class='ocrx_word' id='word_1_304' title='bbox 1673 1355 1682 1370; x_wconf 90' lang='lat'>,</span> <span class='ocrx_word' id='word_1_305' title='bbox 1708 1343 1768 1364; x_wconf 89' lang='lat' dir='ltr'>no-</span> 
     </span>
     <span class='ocr_line' id='line_1_25' title="bbox 83 1379 1774 1430; baseline 0 -17"><span class='ocrx_word' id='word_1_306' title='bbox 83 1389 156 1413; x_wconf 84' lang='lat' dir='ltr'>tum</span> <span class='ocrx_word' id='word_1_307' title='bbox 169 1393 208 1414; x_wconf 89' lang='lat' dir='ltr'>ex</span> <span class='ocrx_word' id='word_1_308' title='bbox 222 1381 367 1415; x_wconf 83' lang='lat' dir='ltr'>Neandro</span> <span class='ocrx_word' id='word_1_309' title='bbox 380 1385 413 1415; x_wconf 90' lang='lat' dir='ltr'>in</span> <span class='ocrx_word' id='word_1_310' title='bbox 424 1383 621 1429; x_wconf 80' lang='lat' dir='ltr'>Geographra.</span> <span class='ocrx_word' id='word_1_311' title='bbox 671 1385 765 1418; x_wconf 88' lang='lat' dir='ltr'>Picus</span> <span class='ocrx_word' id='word_1_312' title='bbox 787 1384 976 1418; x_wconf 80' lang='lat' dir='ltr'>Mirandula</span> <span class='ocrx_word' id='word_1_313' title='bbox 995 1382 1198 1430; x_wconf 82' lang='lat' dir='ltr'>Apollinaris</span> <span class='ocrx_word' id='word_1_314' title='bbox 1208 1383 1280 1428; x_wconf 87' lang='lat' dir='ltr'>plus</span> <span class='ocrx_word' id='word_1_315' title='bbox 1293 1382 1392 1429; x_wconf 74' lang='lat' dir='ltr'>quam</span> <span class='ocrx_word' id='word_1_316' title='bbox 1411 1382 1537 1428; x_wconf 79' lang='lat' dir='ltr'>vigenti</span> <span class='ocrx_word' id='word_1_317' title='bbox 1549 1379 1578 1413; x_wconf 84' lang='lat' dir='ltr'>se</span> <span class='ocrx_word' id='word_1_318' title='bbox 1592 1391 1703 1414; x_wconf 87' lang='lat' dir='ltr'>tenere</span> <span class='ocrx_word' id='word_1_319' title='bbox 1713 1392 1774 1414; x_wconf 86' lang='lat' dir='ltr'>au-</span> 
     </span>
     <span class='ocr_line' id='line_1_26' title="bbox 83 1428 1771 1479; baseline -0.001 -16"><span class='ocrx_word' id='word_1_320' title='bbox 83 1441 158 1463; x_wconf 88' lang='lat' dir='ltr'>rum</span> <span class='ocrx_word' id='word_1_321' title='bbox 172 1429 494 1464; x_wconf 84' lang='lat' dir='ltr'>conficiendimodos</span> <span class='ocrx_word' id='word_1_322' title='bbox 508 1431 821 1468; x_wconf 67' lang='lat' dir='ltr'>saneteaffirmabat.</span> <span class='ocrx_word' id='word_1_323' title='bbox 874 1433 1021 1468; x_wconf 87' lang='lat' dir='ltr'>Hincilli</span> <span class='ocrx_word' id='word_1_324' title='bbox 1035 1436 1152 1468; x_wconf 77' lang='lat' dir='ltr'>Romae</span> <span class='ocrx_word' id='word_1_325' title='bbox 1172 1432 1400 1479; x_wconf 83' lang='lat' dir='ltr'>epitaphium:</span> <span class='ocrx_word' id='word_1_326' title='bbox 1426 1428 1771 1474; x_wconf 59' lang='lat' dir='ltr'>‘fluriexplumbocol-</span> 
     </span>
     <span class='ocr_line' id='line_1_27' title="bbox 80 1478 1777 1529; baseline 0.001 -17"><span class='ocrx_word' id='word_1_327' title='bbox 80 1479 195 1515; x_wconf 68' lang='lat' dir='ltr'>leflori,</span> <span class='ocrx_word' id='word_1_328' title='bbox 252 1480 302 1514; x_wconf 89' lang='lat' dir='ltr'>Sic</span> <span class='ocrx_word' id='word_1_329' title='bbox 316 1483 416 1514; x_wconf 86' lang='lat' dir='ltr'>etiam</span> <span class='ocrx_word' id='word_1_330' title='bbox 442 1480 583 1516; x_wconf 85' lang='lat' dir='ltr'>habetur</span> <span class='ocrx_word' id='word_1_331' title='bbox 595 1481 703 1517; x_wconf 83' lang='lat' dir='ltr'>clavus</span> <span class='ocrx_word' id='word_1_332' title='bbox 714 1484 893 1529; x_wconf 80' lang='lat' dir='ltr'>quidamin</span> <span class='ocrx_word' id='word_1_333' title='bbox 908 1481 1032 1516; x_wconf 82' lang='lat' dir='ltr'>Musaeo</span> <span class='ocrx_word' id='word_1_334' title='bbox 1046 1485 1157 1529; x_wconf 83' lang='lat' dir='ltr'>magni</span> <span class='ocrx_word' id='word_1_335' title='bbox 1172 1484 1272 1515; x_wconf 83' lang='lat' dir='ltr'>Ducis</span> <span class='ocrx_word' id='word_1_336' title='bbox 1285 1483 1462 1518; x_wconf 77' lang='lat' dir='ltr'>Hetruriae,</span> <span class='ocrx_word' id='word_1_337' title='bbox 1491 1482 1581 1523; x_wconf 88' lang='lat' dir='ltr'>cujus</span> <span class='ocrx_word' id='word_1_338' title='bbox 1594 1478 1695 1513; x_wconf 81' lang='lat' dir='ltr'>altera</span> <span class='ocrx_word' id='word_1_339' title='bbox 1705 1490 1777 1513; x_wconf 65' lang='lat' dir='ltr'>meu</span> 
     </span>
     <span class='ocr_line' id='line_1_28' title="bbox 82 1526 1773 1569; baseline 0 -7"><span class='ocrx_word' id='word_1_340' title='bbox 82 1529 186 1563; x_wconf 83' lang='lat' dir='ltr'>dietas</span> <span class='ocrx_word' id='word_1_341' title='bbox 198 1526 301 1563; x_wconf 86' lang='lat' dir='ltr'>ferrea</span> <span class='ocrx_word' id='word_1_342' title='bbox 311 1529 356 1563; x_wconf 85' lang='lat' dir='ltr'>est</span> <span class='ocrx_word' id='word_1_343' title='bbox 369 1553 379 1569; x_wconf 82' lang='lat'><strong>‚</strong></span> <span class='ocrx_word' id='word_1_344' title='bbox 404 1534 439 1565; x_wconf 77' lang='grc' dir='ltr'>δε</span> <span class='ocrx_word' id='word_1_345' title='bbox 451 1529 550 1565; x_wconf 86' lang='lat' dir='ltr'>altera</span> <span class='ocrx_word' id='word_1_346' title='bbox 563 1543 672 1569; x_wconf 73' lang='lat' dir='ltr'>aurea.</span> <span class='ocrx_word' id='word_1_347' title='bbox 722 1531 901 1566; x_wconf 88' lang='lat' dir='ltr'>Testantur</span> <span class='ocrx_word' id='word_1_348' title='bbox 910 1543 1018 1565; x_wconf 86' lang='lat' dir='ltr'>aurem</span> <span class='ocrx_word' id='word_1_349' title='bbox 1033 1530 1113 1565; x_wconf 88' lang='lat' dir='ltr'>olim</span> <span class='ocrx_word' id='word_1_350' title='bbox 1132 1542 1242 1564; x_wconf 91' lang='lat' dir='ltr'>torum</span> <span class='ocrx_word' id='word_1_351' title='bbox 1258 1528 1402 1564; x_wconf 87' lang='lat' dir='ltr'>ferreum</span> <span class='ocrx_word' id='word_1_352' title='bbox 1421 1527 1536 1566; x_wconf 79' lang='lat' dir='ltr'>fuisse,</span> <span class='ocrx_word' id='word_1_353' title='bbox 1562 1527 1618 1562; x_wconf 92' lang='lat' dir='ltr'>fed</span> <span class='ocrx_word' id='word_1_354' title='bbox 1635 1527 1773 1562; x_wconf 84' lang='lat' dir='ltr'>alteram</span> 
     </span>
     <span class='ocr_line' id='line_1_29' title="bbox 81 1578 1773 1628; baseline -0.001 -17"><span class='ocrx_word' id='word_1_355' title='bbox 81 1578 291 1612; x_wconf 87' lang='lat' dir='ltr'>medietatem</span> <span class='ocrx_word' id='word_1_356' title='bbox 313 1578 413 1625; x_wconf 86' lang='lat' dir='ltr'>ipfius</span> <span class='ocrx_word' id='word_1_357' title='bbox 446 1581 600 1614; x_wconf 64' lang='lat' dir='ltr'>contactu</span> <span class='ocrx_word' id='word_1_358' title='bbox 616 1580 734 1628; x_wconf 83' lang='lat' dir='ltr'>lapidis</span> <span class='ocrx_word' id='word_1_359' title='bbox 746 1580 968 1627; x_wconf 69' lang='lat' dir='ltr'>philosophici</span> <span class='ocrx_word' id='word_1_360' title='bbox 980 1579 1154 1615; x_wconf 80' lang='lat' dir='ltr'>evafiisein</span> <span class='ocrx_word' id='word_1_361' title='bbox 1175 1591 1293 1613; x_wconf 86' lang='lat' dir='ltr'>aurum</span> <span class='ocrx_word' id='word_1_362' title='bbox 1305 1602 1315 1617; x_wconf 95' lang='lat'>,</span> <span class='ocrx_word' id='word_1_363' title='bbox 1343 1578 1477 1612; x_wconf 71' lang='lat' dir='ltr'>alteram</span> <span class='ocrx_word' id='word_1_364' title='bbox 1491 1589 1602 1611; x_wconf 85' lang='lat' dir='ltr'>autem</span> <span class='ocrx_word' id='word_1_365' title='bbox 1619 1582 1657 1610; x_wconf 90' lang='lat' dir='ltr'>de</span> <span class='ocrx_word' id='word_1_366' title='bbox 1670 1578 1773 1610; x_wconf 89' lang='lat' dir='ltr'>indu-</span> 
     </span>
     <span class='ocr_line' id='line_1_30' title="bbox 80 1624 1774 1678; baseline -0.001 -17"><span class='ocrx_word' id='word_1_367' title='bbox 80 1627 156 1661; x_wconf 87' lang='lat' dir='ltr'>stria</span> <span class='ocrx_word' id='word_1_368' title='bbox 165 1626 313 1662; x_wconf 77' lang='lat' dir='ltr'>manfiffe</span> <span class='ocrx_word' id='word_1_369' title='bbox 326 1629 484 1662; x_wconf 66' lang='lat' dir='ltr'>intaGmm</span> <span class='ocrx_word' id='word_1_370' title='bbox 501 1632 533 1664; x_wconf 90' lang='lat' dir='ltr'>in</span> <span class='ocrx_word' id='word_1_371' title='bbox 547 1641 744 1676; x_wconf 86' lang='lat' dir='ltr'>perpetuum</span> <span class='ocrx_word' id='word_1_372' title='bbox 762 1642 999 1678; x_wconf 82' lang='lat' dir='ltr'>argumentum</span> <span class='ocrx_word' id='word_1_373' title='bbox 1012 1630 1129 1676; x_wconf 83' lang='lat' dir='ltr'>lapidis</span> <span class='ocrx_word' id='word_1_374' title='bbox 1142 1626 1384 1674; x_wconf 86' lang='lat' dir='ltr'>Philosophici.</span> <span class='ocrx_word' id='word_1_375' title='bbox 1442 1627 1539 1660; x_wconf 85' lang='lat' dir='ltr'>Unde</span> <span class='ocrx_word' id='word_1_376' title='bbox 1549 1627 1638 1672; x_wconf 87' lang='lat' dir='ltr'>quod</span> <span class='ocrx_word' id='word_1_377' title='bbox 1661 1624 1774 1672; x_wconf 82' lang='lat' dir='ltr'>plures</span> 
     </span>
     <span class='ocr_line' id='line_1_31' title="bbox 79 1674 1773 1726; baseline -0.002 -16"><span class='ocrx_word' id='word_1_378' title='bbox 79 1674 221 1712; x_wconf 83' lang='lat' dir='ltr'>feliciter</span> <span class='ocrx_word' id='word_1_379' title='bbox 233 1676 365 1711; x_wconf 81' lang='lat' dir='ltr'>affecuti</span> <span class='ocrx_word' id='word_1_380' title='bbox 379 1677 502 1712; x_wconf 87' lang='lat' dir='ltr'>suntex</span> <span class='ocrx_word' id='word_1_381' title='bbox 515 1679 697 1713; x_wconf 61' lang='lat' dir='ltr'>directione</span> <span class='ocrx_word' id='word_1_382' title='bbox 712 1681 967 1726; x_wconf 76' lang='lat' dir='ltr'>Praeceptorum,</span> <span class='ocrx_word' id='word_1_383' title='bbox 980 1691 1052 1725; x_wconf 83' lang='lat' dir='ltr'>quae</span> <span class='ocrx_word' id='word_1_384' title='bbox 1071 1677 1131 1713; x_wconf 80' lang='lat' dir='ltr'>usu</span> <span class='ocrx_word' id='word_1_385' title='bbox 1146 1681 1178 1713; x_wconf 67' lang='grc' dir='ltr'>ὃ(</span> <span class='ocrx_word' id='word_1_386' title='bbox 1191 1676 1393 1722; x_wconf 64' lang='lat' dir='ltr'>experientia</span> <span class='ocrx_word' id='word_1_387' title='bbox 1405 1677 1592 1710; x_wconf 87' lang='lat' dir='ltr'>didicerunt</span> <span class='ocrx_word' id='word_1_388' title='bbox 1604 1697 1614 1714; x_wconf 89' lang='lat'>‚</span> <span class='ocrx_word' id='word_1_389' title='bbox 1636 1674 1773 1708; x_wconf 87' lang='lat' dir='ltr'>morali-</span> 
     </span>
     <span class='ocr_line' id='line_1_32' title="bbox 79 1723 1773 1775; baseline -0.002 -14"><span class='ocrx_word' id='word_1_390' title='bbox 79 1738 128 1762; x_wconf 85' lang='lat' dir='ltr'>ter</span> <span class='ocrx_word' id='word_1_391' title='bbox 139 1725 334 1774; x_wconf 83' lang='lat' dir='ltr'>impoffibile</span> <span class='ocrx_word' id='word_1_392' title='bbox 344 1726 406 1761; x_wconf 83' lang='lat' dir='ltr'>effe</span> <span class='ocrx_word' id='word_1_393' title='bbox 415 1739 483 1761; x_wconf 89' lang='lat' dir='ltr'>non</span> <span class='ocrx_word' id='word_1_394' title='bbox 495 1728 614 1775; x_wconf 59' lang='lat' dir='ltr'>penest.</span> <span class='ocrx_word' id='word_1_395' title='bbox 667 1731 838 1767; x_wconf 71' lang='lat' dir='ltr'>Praeterea,</span> <span class='ocrx_word' id='word_1_396' title='bbox 865 1729 902 1762; x_wconf 77' lang='lat' dir='ltr'>ut</span> <span class='ocrx_word' id='word_1_397' title='bbox 917 1727 1063 1773; x_wconf 77' lang='lat' dir='ltr'>superius</span> <span class='ocrx_word' id='word_1_398' title='bbox 1076 1731 1110 1761; x_wconf 89' lang='lat' dir='ltr'>in</span> <span class='ocrx_word' id='word_1_399' title='bbox 1121 1724 1331 1761; x_wconf 68' lang='lat' dir='ltr'>conclusione</span> <span class='ocrx_word' id='word_1_400' title='bbox 1345 1724 1483 1759; x_wconf 63' lang='lat' dir='ltr'>secunda</span> <span class='ocrx_word' id='word_1_401' title='bbox 1498 1723 1743 1759; x_wconf 78' lang='lat' dir='ltr'>oblervavimus</span> <span class='ocrx_word' id='word_1_402' title='bbox 1761 1747 1773 1764; x_wconf 87' lang='lat'>‚</span> 
     </span>
     <span class='ocr_line' id='line_1_33' title="bbox 78 1772 1772 1824; baseline -0.003 -14"><span class='ocrx_word' id='word_1_403' title='bbox 78 1779 305 1822; x_wconf 80' lang='lat' dir='ltr'>experimenta</span> <span class='ocrx_word' id='word_1_404' title='bbox 314 1777 407 1823; x_wconf 76' lang='lat' dir='ltr'>plura</span> <span class='ocrx_word' id='word_1_405' title='bbox 426 1775 522 1821; x_wconf 87' lang='lat' dir='ltr'>sunt,</span> <span class='ocrx_word' id='word_1_406' title='bbox 559 1777 680 1824; x_wconf 76' lang='lat' dir='ltr'>quibus</span> <span class='ocrx_word' id='word_1_407' title='bbox 702 1778 827 1811; x_wconf 85' lang='lat' dir='ltr'>constat</span> <span class='ocrx_word' id='word_1_408' title='bbox 845 1776 930 1812; x_wconf 61' lang='lat' dir='ltr'>fasta</span> <span class='ocrx_word' id='word_1_409' title='bbox 952 1776 1047 1811; x_wconf 72' lang='lat' dir='ltr'>fuisse</span> <span class='ocrx_word' id='word_1_410' title='bbox 1066 1788 1122 1823; x_wconf 84' lang='lat' dir='ltr'>per</span> <span class='ocrx_word' id='word_1_411' title='bbox 1141 1787 1242 1809; x_wconf 86' lang='lat' dir='ltr'>artem</span> <span class='ocrx_word' id='word_1_412' title='bbox 1256 1776 1438 1820; x_wconf 86' lang='lat' dir='ltr'>chymicam</span> <span class='ocrx_word' id='word_1_413' title='bbox 1456 1773 1587 1809; x_wconf 81' lang='lat' dir='ltr'>metalla</span> <span class='ocrx_word' id='word_1_414' title='bbox 1601 1772 1772 1807; x_wconf 78' lang='lat' dir='ltr'>inferioris</span> 
     </span>
     <span class='ocr_line' id='line_1_34' title="bbox 77 1823 1768 1871; baseline -0.001 -13"><span class='ocrx_word' id='word_1_415' title='bbox 77 1827 218 1862; x_wconf 79' lang='lat' dir='ltr'>ordinis.</span> <span class='ocrx_word' id='word_1_416' title='bbox 267 1827 350 1859; x_wconf 88' lang='lat' dir='ltr'>Non</span> <span class='ocrx_word' id='word_1_417' title='bbox 363 1829 473 1860; x_wconf 79' lang='lat' dir='ltr'>minus</span> <span class='ocrx_word' id='word_1_418' title='bbox 485 1837 594 1860; x_wconf 84' lang='lat' dir='ltr'>autem</span> <span class='ocrx_word' id='word_1_419' title='bbox 606 1830 863 1861; x_wconf 89' lang='lat' dir='ltr'>continenturin</span> <span class='ocrx_word' id='word_1_420' title='bbox 877 1837 992 1860; x_wconf 84' lang='lat' dir='ltr'>natura</span> <span class='ocrx_word' id='word_1_421' title='bbox 1005 1831 1104 1860; x_wconf 76' lang='lat' dir='ltr'>caula:</span> <span class='ocrx_word' id='word_1_422' title='bbox 1121 1825 1248 1858; x_wconf 70' lang='lat' dir='ltr'>factivae</span> <span class='ocrx_word' id='word_1_423' title='bbox 1263 1827 1360 1862; x_wconf 84' lang='lat' dir='ltr'>auri,</span> <span class='ocrx_word' id='word_1_424' title='bbox 1385 1825 1489 1871; x_wconf 65' lang='lat' dir='ltr'>quam</span> <span class='ocrx_word' id='word_1_425' title='bbox 1499 1823 1639 1857; x_wconf 86' lang='lat' dir='ltr'>aliorum</span> <span class='ocrx_word' id='word_1_426' title='bbox 1652 1823 1768 1856; x_wconf 82' lang='lat' dir='ltr'>metal-</span> 
     </span>
     <span class='ocr_line' id='line_1_35' title="bbox 77 1871 1768 1922; baseline -0.003 -13"><span class='ocrx_word' id='word_1_427' title='bbox 77 1876 188 1909; x_wconf 85' lang='lat' dir='ltr'>lorum</span> <span class='ocrx_word' id='word_1_428' title='bbox 202 1898 211 1912; x_wconf 91' lang='lat'>‚</span> <span class='ocrx_word' id='word_1_429' title='bbox 231 1877 331 1921; x_wconf 79' lang='lat' dir='ltr'>igitur</span> <span class='ocrx_word' id='word_1_430' title='bbox 342 1879 374 1909; x_wconf 69' lang='grc' dir='ltr'>ὅ(</span> <span class='ocrx_word' id='word_1_431' title='bbox 387 1887 504 1909; x_wconf 84' lang='lat' dir='ltr'>aurum</span> <span class='ocrx_word' id='word_1_432' title='bbox 519 1875 588 1909; x_wconf 77' lang='lat' dir='ltr'>fieri</span> <span class='ocrx_word' id='word_1_433' title='bbox 600 1879 722 1921; x_wconf 89' lang='lat' dir='ltr'>poterit</span> <span class='ocrx_word' id='word_1_434' title='bbox 735 1899 744 1914; x_wconf 90' lang='lat'>,</span> <span class='ocrx_word' id='word_1_435' title='bbox 769 1878 846 1921; x_wconf 87' lang='lat' dir='ltr'>quia</span> <span class='ocrx_word' id='word_1_436' title='bbox 857 1875 1033 1922; x_wconf 83' lang='lat' dir='ltr'>applicatio</span> <span class='ocrx_word' id='word_1_437' title='bbox 1057 1877 1224 1922; x_wconf 82' lang='lat' dir='ltr'>agentium</span> <span class='ocrx_word' id='word_1_438' title='bbox 1240 1886 1307 1907; x_wconf 91' lang='lat' dir='ltr'>non</span> <span class='ocrx_word' id='word_1_439' title='bbox 1325 1873 1370 1906; x_wconf 86' lang='lat' dir='ltr'>est</span> <span class='ocrx_word' id='word_1_440' title='bbox 1381 1871 1547 1907; x_wconf 70' lang='lat' dir='ltr'>difficilior</span> <span class='ocrx_word' id='word_1_441' title='bbox 1558 1895 1567 1908; x_wconf 80' lang='lat'>,</span> <span class='ocrx_word' id='word_1_442' title='bbox 1593 1883 1653 1917; x_wconf 86' lang='lat' dir='ltr'>pto</span> <span class='ocrx_word' id='word_1_443' title='bbox 1663 1883 1768 1911; x_wconf 79' lang='lat' dir='ltr'>auro,-</span> 
     </span>
     <span class='ocr_line' id='line_1_36' title="bbox 77 1920 1768 1971; baseline -0.002 -13"><span class='ocrx_word' id='word_1_444' title='bbox 77 1925 177 1971; x_wconf 74' lang='lat' dir='ltr'>quam</span> <span class='ocrx_word' id='word_1_445' title='bbox 189 1935 397 1971; x_wconf 80' lang='lat' dir='ltr'>proargento</span> <span class='ocrx_word' id='word_1_446' title='bbox 408 1946 419 1962; x_wconf 82' lang='lat'>‚</span> <span class='ocrx_word' id='word_1_447' title='bbox 435 1929 468 1959; x_wconf 68' lang='grc' dir='ltr'>ὃ(</span> <span class='ocrx_word' id='word_1_448' title='bbox 485 1924 562 1958; x_wconf 74' lang='lat' dir='ltr'>licet</span> <span class='ocrx_word' id='word_1_449' title='bbox 581 1928 679 1959; x_wconf 87' lang='lat' dir='ltr'>etiam</span> <span class='ocrx_word' id='word_1_450' title='bbox 699 1925 736 1958; x_wconf 84' lang='lat' dir='ltr'>fit</span> <span class='ocrx_word' id='word_1_451' title='bbox 751 1923 889 1958; x_wconf 81' lang='lat' dir='ltr'>scientiae</span> <span class='ocrx_word' id='word_1_452' title='bbox 907 1926 1003 1967; x_wconf 87' lang='lat' dir='ltr'>hujus</span> <span class='ocrx_word' id='word_1_453' title='bbox 1013 1920 1378 1971; x_wconf 78' lang='lat' dir='ltr'>acquifiti0‚disticilior</span> <span class='ocrx_word' id='word_1_454' title='bbox 1391 1934 1460 1956; x_wconf 86' lang='lat' dir='ltr'>nori</span> <span class='ocrx_word' id='word_1_455' title='bbox 1471 1933 1580 1956; x_wconf 86' lang='lat' dir='ltr'>tamen</span> <span class='ocrx_word' id='word_1_456' title='bbox 1595 1932 1768 1967; x_wconf 82' lang='lat' dir='ltr'>propterea</span> 
     </span>
     <span class='ocr_line' id='line_1_37' title="bbox 76 1969 1767 2021; baseline -0.002 -14"><span class='ocrx_word' id='word_1_457' title='bbox 76 1985 213 2007; x_wconf 86' lang='lat' dir='ltr'>omnem</span> <span class='ocrx_word' id='word_1_458' title='bbox 232 1976 418 2008; x_wconf 74' lang='lat' dir='ltr'>humanum</span> <span class='ocrx_word' id='word_1_459' title='bbox 440 1973 646 2009; x_wconf 68' lang='lat' dir='ltr'>intellectum</span> <span class='ocrx_word' id='word_1_460' title='bbox 669 1978 704 2009; x_wconf 91' lang='lat'>&amp;</span> <span class='ocrx_word' id='word_1_461' title='bbox 726 1975 918 2009; x_wconf 85' lang='lat' dir='ltr'>industriam</span> <span class='ocrx_word' id='word_1_462' title='bbox 930 1973 1070 2021; x_wconf 88' lang='lat' dir='ltr'>superat.</span> <span class='ocrx_word' id='word_1_463' title='bbox 1123 1973 1206 2007; x_wconf 85' lang='lat' dir='ltr'>Vide</span> <span class='ocrx_word' id='word_1_464' title='bbox 1227 1971 1373 2019; x_wconf 86' lang='lat' dir='ltr'>superius</span> <span class='ocrx_word' id='word_1_465' title='bbox 1389 1971 1497 2010; x_wconf 62' lang='lat' dir='ltr'>dieta,</span> <span class='ocrx_word' id='word_1_466' title='bbox 1524 1982 1596 2019; x_wconf 86' lang='lat' dir='ltr'>quae</span> <span class='ocrx_word' id='word_1_467' title='bbox 1607 1969 1767 2018; x_wconf 80' lang='lat' dir='ltr'>pleraque</span> 
     </span>
     <span class='ocr_line' id='line_1_38' title="bbox 76 2020 837 2071; baseline 0.001 -14"><span class='ocrx_word' id='word_1_468' title='bbox 76 2023 154 2058; x_wconf 85' lang='lat' dir='ltr'>huic</span> <span class='ocrx_word' id='word_1_469' title='bbox 163 2021 369 2057; x_wconf 85' lang='lat' dir='ltr'>conclufioni</span> <span class='ocrx_word' id='word_1_470' title='bbox 392 2020 837 2071; x_wconf 79' lang='lat' dir='ltr'>paritetapplicaripoffunt.</span> 
     </span>
    </p>
   </div>
   <div class='ocr_carea' id='block_1_4' title="bbox 69 2097 1769 2853">
    <p class='ocr_par' dir='ltr' id='par_1_4' title="bbox 72 2097 1769 2682">
     <span class='ocr_line' id='line_1_39' title="bbox 175 2097 1765 2147; baseline -0.001 -12"><span class='ocrx_word' id='word_1_471' title='bbox 175 2101 302 2147; x_wconf 77' lang='lat' dir='ltr'>Argues</span> <span class='ocrx_word' id='word_1_472' title='bbox 314 2112 424 2136; x_wconf 86' lang='lat' dir='ltr'>tamen</span> <span class='ocrx_word' id='word_1_473' title='bbox 439 2111 553 2135; x_wconf 89' lang='lat' dir='ltr'>contra</span> <span class='ocrx_word' id='word_1_474' title='bbox 572 2099 693 2146; x_wconf 71' lang='lat' dir='ltr'>primo.</span> <span class='ocrx_word' id='word_1_475' title='bbox 742 2100 888 2143; x_wconf 71' lang='lat' dir='ltr'>joannes</span> <span class='ocrx_word' id='word_1_476' title='bbox 902 2111 958 2137; x_wconf 80' lang='lat'>22.</span> <span class='ocrx_word' id='word_1_477' title='bbox 985 2097 1143 2134; x_wconf 83' lang='lat' dir='ltr'>Pontifex</span> <span class='ocrx_word' id='word_1_478' title='bbox 1162 2100 1195 2133; x_wconf 90' lang='lat' dir='ltr'>in</span> <span class='ocrx_word' id='word_1_479' title='bbox 1213 2110 1339 2140; x_wconf 80' lang='lat' dir='ltr'>extrav,</span> <span class='ocrx_word' id='word_1_480' title='bbox 1357 2099 1496 2134; x_wconf 85' lang='lat' dir='ltr'>damnat</span> <span class='ocrx_word' id='word_1_481' title='bbox 1510 2098 1765 2145; x_wconf 75' lang='lat' dir='ltr'>interimposto.</span> 
     </span>
     <span class='ocr_line' id='line_1_40' title="bbox 78 2147 1769 2197; baseline -0.002 -12"><span class='ocrx_word' id='word_1_482' title='bbox 78 2161 128 2185; x_wconf 84' lang='lat' dir='ltr'>res</span> <span class='ocrx_word' id='word_1_483' title='bbox 142 2150 334 2186; x_wconf 71' lang='lat' dir='ltr'>&amp;falsarios</span> <span class='ocrx_word' id='word_1_484' title='bbox 344 2150 562 2197; x_wconf 80' lang='lat' dir='ltr'>Alchymistas</span> <span class='ocrx_word' id='word_1_485' title='bbox 577 2148 613 2184; x_wconf 72' lang='lat' dir='ltr'>ut</span> <span class='ocrx_word' id='word_1_486' title='bbox 625 2161 693 2184; x_wconf 87' lang='lat' dir='ltr'>rem</span> <span class='ocrx_word' id='word_1_487' title='bbox 702 2152 844 2184; x_wconf 88' lang='lat' dir='ltr'>omnino</span> <span class='ocrx_word' id='word_1_488' title='bbox 856 2149 970 2184; x_wconf 83' lang='lat' dir='ltr'>falsam</span> <span class='ocrx_word' id='word_1_489' title='bbox 993 2148 1191 2183; x_wconf 86' lang='lat' dir='ltr'>hominibus</span> <span class='ocrx_word' id='word_1_490' title='bbox 1207 2148 1399 2193; x_wconf 86' lang='lat' dir='ltr'>pollicentes</span> <span class='ocrx_word' id='word_1_491' title='bbox 1414 2172 1424 2188; x_wconf 91' lang='lat'>,</span> <span class='ocrx_word' id='word_1_492' title='bbox 1449 2147 1610 2195; x_wconf 73' lang='lat' dir='ltr'>fimulque</span> <span class='ocrx_word' id='word_1_493' title='bbox 1621 2147 1769 2182; x_wconf 83' lang='lat' dir='ltr'>declara-</span> 
     </span>
     <span class='ocr_line' id='line_1_41' title="bbox 74 2196 1769 2245; baseline -0.001 -12"><span class='ocrx_word' id='word_1_494' title='bbox 74 2202 123 2234; x_wconf 80' lang='lat' dir='ltr'>vit</span> <span class='ocrx_word' id='word_1_495' title='bbox 136 2199 315 2235; x_wconf 86' lang='lat' dir='ltr'>vendentes</span> <span class='ocrx_word' id='word_1_496' title='bbox 325 2199 388 2235; x_wconf 88' lang='lat' dir='ltr'>tale</span> <span class='ocrx_word' id='word_1_497' title='bbox 400 2211 515 2233; x_wconf 87' lang='lat' dir='ltr'>aurum</span> <span class='ocrx_word' id='word_1_498' title='bbox 527 2211 587 2245; x_wconf 89' lang='lat' dir='ltr'>pro</span> <span class='ocrx_word' id='word_1_499' title='bbox 597 2207 675 2233; x_wconf 84' lang='lat' dir='ltr'>vero</span> <span class='ocrx_word' id='word_1_500' title='bbox 685 2202 788 2233; x_wconf 84' lang='lat' dir='ltr'>teneri</span> <span class='ocrx_word' id='word_1_501' title='bbox 803 2199 841 2232; x_wconf 85' lang='lat' dir='ltr'>ad</span> <span class='ocrx_word' id='word_1_502' title='bbox 855 2199 1109 2235; x_wconf 81' lang='lat' dir='ltr'>restitutionem.</span> <span class='ocrx_word' id='word_1_503' title='bbox 1163 2199 1257 2232; x_wconf 84' lang='lat' dir='ltr'>Unde</span> <span class='ocrx_word' id='word_1_504' title='bbox 1275 2196 1402 2245; x_wconf 75' lang='lat' dir='ltr'>iignum</span> <span class='ocrx_word' id='word_1_505' title='bbox 1416 2197 1480 2236; x_wconf 87' lang='lat' dir='ltr'>est,</span> <span class='ocrx_word' id='word_1_506' title='bbox 1499 2198 1593 2245; x_wconf 78' lang='lat' dir='ltr'>quod</span> <span class='ocrx_word' id='word_1_507' title='bbox 1609 2196 1769 2233; x_wconf 83' lang='lat' dir='ltr'>Pontifex</span> 
     </span>
     <span class='ocr_line' id='line_1_42' title="bbox 76 2245 1766 2297; baseline 0 -17"><span class='ocrx_word' id='word_1_508' title='bbox 76 2247 236 2284; x_wconf 82' lang='lat' dir='ltr'>censuerit</span> <span class='ocrx_word' id='word_1_509' title='bbox 245 2274 254 2288; x_wconf 81' lang='lat'>,</span> <span class='ocrx_word' id='word_1_510' title='bbox 280 2263 348 2284; x_wconf 90' lang='lat' dir='ltr'>non</span> <span class='ocrx_word' id='word_1_511' title='bbox 360 2249 448 2297; x_wconf 82' lang='lat' dir='ltr'>poffe</span> <span class='ocrx_word' id='word_1_512' title='bbox 459 2261 515 2296; x_wconf 89' lang='lat' dir='ltr'>per</span> <span class='ocrx_word' id='word_1_513' title='bbox 528 2260 631 2283; x_wconf 87' lang='lat' dir='ltr'>artem</span> <span class='ocrx_word' id='word_1_514' title='bbox 646 2261 759 2283; x_wconf 89' lang='lat' dir='ltr'>verum</span> <span class='ocrx_word' id='word_1_515' title='bbox 769 2261 886 2283; x_wconf 89' lang='lat' dir='ltr'>aurum</span> <span class='ocrx_word' id='word_1_516' title='bbox 901 2247 982 2283; x_wconf 86' lang='lat' dir='ltr'>fieri.</span> <span class='ocrx_word' id='word_1_517' title='bbox 1008 2245 1212 2294; x_wconf 84' lang='lat' dir='ltr'>Respondeo</span> <span class='ocrx_word' id='word_1_518' title='bbox 1225 2271 1235 2285; x_wconf 91' lang='lat'>,</span> <span class='ocrx_word' id='word_1_519' title='bbox 1247 2246 1302 2281; x_wconf 84' lang='lat' dir='ltr'>etfi</span> <span class='ocrx_word' id='word_1_520' title='bbox 1309 2247 1468 2281; x_wconf 85' lang='lat' dir='ltr'>Pontifex</span> <span class='ocrx_word' id='word_1_521' title='bbox 1480 2246 1563 2281; x_wconf 85' lang='lat' dir='ltr'>hanc</span> <span class='ocrx_word' id='word_1_522' title='bbox 1573 2258 1677 2280; x_wconf 87' lang='lat' dir='ltr'>artem</span> <span class='ocrx_word' id='word_1_523' title='bbox 1690 2259 1766 2281; x_wconf 86' lang='lat' dir='ltr'>ran-</span> 
     </span>
     <span class='ocr_line' id='line_1_43' title="bbox 77 2295 1764 2345; baseline 0.001 -15"><span class='ocrx_word' id='word_1_524' title='bbox 77 2308 176 2343; x_wconf 84' lang='lat' dir='ltr'>quam</span> <span class='ocrx_word' id='word_1_525' title='bbox 188 2300 400 2343; x_wconf 85' lang='lat' dir='ltr'>pernitiosam</span> <span class='ocrx_word' id='word_1_526' title='bbox 418 2299 645 2335; x_wconf 79' lang='lat' dir='ltr'>damnaverit,</span> <span class='ocrx_word' id='word_1_527' title='bbox 667 2297 807 2345; x_wconf 70' lang='lat' dir='ltr'>eamque</span> <span class='ocrx_word' id='word_1_528' title='bbox 826 2297 1054 2343; x_wconf 88' lang='lat' dir='ltr'>prohibuerit,</span> <span class='ocrx_word' id='word_1_529' title='bbox 1082 2309 1122 2331; x_wconf 91' lang='lat' dir='ltr'>ne</span> <span class='ocrx_word' id='word_1_530' title='bbox 1133 2297 1285 2331; x_wconf 76' lang='lat' dir='ltr'>homines</span> <span class='ocrx_word' id='word_1_531' title='bbox 1299 2297 1480 2344; x_wconf 87' lang='lat' dir='ltr'>cupiditate</span> <span class='ocrx_word' id='word_1_532' title='bbox 1493 2299 1564 2330; x_wconf 85' lang='lat' dir='ltr'>auri</span> <span class='ocrx_word' id='word_1_533' title='bbox 1577 2295 1678 2331; x_wconf 72' lang='lat' dir='ltr'>illeffl</span> <span class='ocrx_word' id='word_1_534' title='bbox 1691 2296 1764 2342; x_wconf 87' lang='lat' dir='ltr'>post</span> 
     </span>
     <span class='ocr_line' id='line_1_44' title="bbox 74 2345 1762 2395; baseline 0.001 -16"><span class='ocrx_word' id='word_1_535' title='bbox 74 2347 225 2393; x_wconf 84' lang='lat' dir='ltr'>ingentes</span> <span class='ocrx_word' id='word_1_536' title='bbox 245 2347 394 2395; x_wconf 86' lang='lat' dir='ltr'>sumptus</span> <span class='ocrx_word' id='word_1_537' title='bbox 407 2347 528 2382; x_wconf 79' lang='lat' dir='ltr'>frustra</span> <span class='ocrx_word' id='word_1_538' title='bbox 548 2347 708 2391; x_wconf 69' lang='lat' dir='ltr'>expensos</span> <span class='ocrx_word' id='word_1_539' title='bbox 720 2345 922 2382; x_wconf 69' lang='lat' dir='ltr'>occasionem</span> <span class='ocrx_word' id='word_1_540' title='bbox 934 2349 1135 2392; x_wconf 89' lang='lat' dir='ltr'>arriperent,</span> <span class='ocrx_word' id='word_1_541' title='bbox 1165 2345 1653 2384; x_wconf 60' lang='lat' dir='ltr'>doemoneminfauxil‘iatorem</span> <span class='ocrx_word' id='word_1_542' title='bbox 1665 2347 1762 2380; x_wconf 84' lang='lat' dir='ltr'>invo-</span> 
     </span>
     <span class='ocr_line' id='line_1_45' title="bbox 74 2394 1764 2443; baseline 0.001 -15"><span class='ocrx_word' id='word_1_543' title='bbox 74 2397 169 2429; x_wconf 86' lang='lat' dir='ltr'>candi</span> <span class='ocrx_word' id='word_1_544' title='bbox 181 2404 192 2442; x_wconf 65' lang='grc' dir='ltr'><strong>ς</strong></span> <span class='ocrx_word' id='word_1_545' title='bbox 217 2409 256 2430; x_wconf 85' lang='lat' dir='ltr'>ex</span> <span class='ocrx_word' id='word_1_546' title='bbox 266 2397 327 2432; x_wconf 91' lang='lat' dir='ltr'>hoc</span> <span class='ocrx_word' id='word_1_547' title='bbox 339 2409 527 2432; x_wconf 83' lang='lat' dir='ltr'>tamennon</span> <span class='ocrx_word' id='word_1_548' title='bbox 537 2395 884 2434; x_wconf 77' lang='lat' dir='ltr'>deducitur‚ceniuisse</span> <span class='ocrx_word' id='word_1_549' title='bbox 897 2396 1089 2430; x_wconf 88' lang='lat' dir='ltr'>hancartem</span> <span class='ocrx_word' id='word_1_550' title='bbox 1103 2395 1348 2442; x_wconf 74' lang='lat' dir='ltr'>impoffibilem,</span> <span class='ocrx_word' id='word_1_551' title='bbox 1400 2397 1472 2430; x_wconf 89' lang='lat' dir='ltr'>Nec</span> <span class='ocrx_word' id='word_1_552' title='bbox 1484 2394 1647 2443; x_wconf 82' lang='lat' dir='ltr'>obligatio</span> <span class='ocrx_word' id='word_1_553' title='bbox 1661 2396 1699 2429; x_wconf 89' lang='lat' dir='ltr'>ad</span> <span class='ocrx_word' id='word_1_554' title='bbox 1712 2405 1764 2429; x_wconf 83' lang='lat' dir='ltr'>re·</span> 
     </span>
     <span class='ocr_line' id='line_1_46' title="bbox 73 2443 1762 2491; baseline 0 -13"><span class='ocrx_word' id='word_1_555' title='bbox 73 2444 279 2479; x_wconf 85' lang='lat' dir='ltr'>stitutionem</span> <span class='ocrx_word' id='word_1_556' title='bbox 288 2447 350 2480; x_wconf 86' lang='lat' dir='ltr'>hoc</span> <span class='ocrx_word' id='word_1_557' title='bbox 359 2449 494 2485; x_wconf 85' lang='lat' dir='ltr'>evincit,</span> <span class='ocrx_word' id='word_1_558' title='bbox 507 2458 584 2479; x_wconf 87' lang='lat' dir='ltr'>nam</span> <span class='ocrx_word' id='word_1_559' title='bbox 597 2446 661 2479; x_wconf 81' lang='lat' dir='ltr'>haec</span> <span class='ocrx_word' id='word_1_560' title='bbox 672 2446 831 2479; x_wconf 88' lang='lat' dir='ltr'>duntaxat</span> <span class='ocrx_word' id='word_1_561' title='bbox 844 2448 877 2479; x_wconf 88' lang='lat' dir='ltr'>in</span> <span class='ocrx_word' id='word_1_562' title='bbox 889 2447 977 2479; x_wconf 89' lang='lat' dir='ltr'>hunc</span> <span class='ocrx_word' id='word_1_563' title='bbox 990 2444 1090 2478; x_wconf 87' lang='lat' dir='ltr'>finem</span> <span class='ocrx_word' id='word_1_564' title='bbox 1105 2446 1239 2479; x_wconf 65' lang='lat' dir='ltr'>inducta</span> <span class='ocrx_word' id='word_1_565' title='bbox 1249 2445 1347 2483; x_wconf 88' lang='lat' dir='ltr'>est,ut</span> <span class='ocrx_word' id='word_1_566' title='bbox 1359 2445 1546 2491; x_wconf 84' lang='lat' dir='ltr'>imposturae</span> <span class='ocrx_word' id='word_1_567' title='bbox 1554 2443 1682 2478; x_wconf 87' lang='lat' dir='ltr'>occafio</span> <span class='ocrx_word' id='word_1_568' title='bbox 1697 2444 1762 2478; x_wconf 90' lang='lat' dir='ltr'>tol-</span> 
     </span>
     <span class='ocr_line' id='line_1_47' title="bbox 72 2493 1763 2541; baseline -0.001 -14"><span class='ocrx_word' id='word_1_569' title='bbox 72 2493 197 2528; x_wconf 82' lang='lat' dir='ltr'>leretur</span> <span class='ocrx_word' id='word_1_570' title='bbox 211 2504 222 2537; x_wconf 86' lang='grc'>;</span> <span class='ocrx_word' id='word_1_571' title='bbox 251 2495 362 2540; x_wconf 83' lang='lat' dir='ltr'>paffim</span> <span class='ocrx_word' id='word_1_572' title='bbox 373 2499 461 2530; x_wconf 89' lang='lat' dir='ltr'>enirn</span> <span class='ocrx_word' id='word_1_573' title='bbox 473 2506 590 2529; x_wconf 85' lang='lat' dir='ltr'>aurum</span> <span class='ocrx_word' id='word_1_574' title='bbox 600 2494 787 2539; x_wconf 87' lang='lat' dir='ltr'>chymicum</span> <span class='ocrx_word' id='word_1_575' title='bbox 803 2497 838 2528; x_wconf 88' lang='lat' dir='ltr'>in</span> <span class='ocrx_word' id='word_1_576' title='bbox 847 2493 954 2529; x_wconf 85' lang='lat' dir='ltr'>tribus</span> <span class='ocrx_word' id='word_1_577' title='bbox 963 2494 1088 2535; x_wconf 72' lang='lat' dir='ltr'>deficit3</span> <span class='ocrx_word' id='word_1_578' title='bbox 1099 2494 1210 2540; x_wconf 71' lang='lat' dir='ltr'>primo</span> <span class='ocrx_word' id='word_1_579' title='bbox 1226 2493 1318 2541; x_wconf 74' lang='lat' dir='ltr'>quod</span> <span class='ocrx_word' id='word_1_580' title='bbox 1329 2507 1399 2529; x_wconf 88' lang='lat' dir='ltr'>non</span> <span class='ocrx_word' id='word_1_581' title='bbox 1411 2494 1568 2528; x_wconf 82' lang='lat' dir='ltr'>sustineat</span> <span class='ocrx_word' id='word_1_582' title='bbox 1581 2496 1647 2528; x_wconf 89' lang='lat' dir='ltr'>vim</span> <span class='ocrx_word' id='word_1_583' title='bbox 1658 2495 1763 2541; x_wconf 73' lang='lat' dir='ltr'>ignis.</span> 
     </span>
     <span class='ocr_line' id='line_1_48' title="bbox 73 2542 1764 2591; baseline -0.001 -13"><span class='ocrx_word' id='word_1_584' title='bbox 73 2543 326 2591; x_wconf 75' lang='lat' dir='ltr'>Secundoquod</span> <span class='ocrx_word' id='word_1_585' title='bbox 339 2545 431 2580; x_wconf 89' lang='lat' dir='ltr'>color</span> <span class='ocrx_word' id='word_1_586' title='bbox 440 2549 510 2591; x_wconf 62' lang='lat' dir='ltr'>eius</span> <span class='ocrx_word' id='word_1_587' title='bbox 520 2542 616 2578; x_wconf 74' lang='lat' dir='ltr'>facile</span> <span class='ocrx_word' id='word_1_588' title='bbox 625 2542 784 2590; x_wconf 87' lang='lat' dir='ltr'>dispareat</span> <span class='ocrx_word' id='word_1_589' title='bbox 794 2547 829 2579; x_wconf 76' lang='grc' dir='ltr'>δε</span> <span class='ocrx_word' id='word_1_590' title='bbox 843 2554 1000 2578; x_wconf 85' lang='lat' dir='ltr'>mutetur.</span> <span class='ocrx_word' id='word_1_591' title='bbox 1052 2542 1278 2591; x_wconf 76' lang='lat' dir='ltr'>Tertio,quod</span> <span class='ocrx_word' id='word_1_592' title='bbox 1295 2544 1420 2579; x_wconf 68' lang='lat' dir='ltr'>recuset</span> <span class='ocrx_word' id='word_1_593' title='bbox 1431 2544 1563 2578; x_wconf 87' lang='lat' dir='ltr'>extendi</span> <span class='ocrx_word' id='word_1_594' title='bbox 1574 2545 1607 2576; x_wconf 89' lang='lat' dir='ltr'>in</span> <span class='ocrx_word' id='word_1_595' title='bbox 1625 2542 1764 2576; x_wconf 73' lang='lat' dir='ltr'>laminas</span> 
     </span>
     <span class='ocr_line' id='line_1_49' title="bbox 74 2591 1762 2642; baseline -0.001 -16"><span class='ocrx_word' id='word_1_596' title='bbox 74 2592 300 2639; x_wconf 83' lang='lat' dir='ltr'>tenuiffimas3</span> <span class='ocrx_word' id='word_1_597' title='bbox 323 2596 412 2630; x_wconf 89' lang='lat' dir='ltr'>unde</span> <span class='ocrx_word' id='word_1_598' title='bbox 434 2605 552 2630; x_wconf 84' lang='lat' dir='ltr'>aurum</span> <span class='ocrx_word' id='word_1_599' title='bbox 566 2616 576 2634; x_wconf 85' lang='lat'><em>‚</em></span> <span class='ocrx_word' id='word_1_600' title='bbox 601 2593 692 2640; x_wconf 89' lang='lat' dir='ltr'>quod</span> <span class='ocrx_word' id='word_1_601' title='bbox 707 2593 758 2629; x_wconf 87' lang='lat' dir='ltr'>his</span> <span class='ocrx_word' id='word_1_602' title='bbox 774 2592 961 2629; x_wconf 56' lang='lat' dir='ltr'>defectibus</span> <span class='ocrx_word' id='word_1_603' title='bbox 976 2591 1160 2628; x_wconf 83' lang='lat' dir='ltr'>obnoxium</span> <span class='ocrx_word' id='word_1_604' title='bbox 1181 2593 1227 2628; x_wconf 87' lang='lat' dir='ltr'>est</span> <span class='ocrx_word' id='word_1_605' title='bbox 1239 2617 1250 2633; x_wconf 94' lang='lat'>,</span> <span class='ocrx_word' id='word_1_606' title='bbox 1284 2593 1402 2642; x_wconf 74' lang='lat' dir='ltr'>inique</span> <span class='ocrx_word' id='word_1_607' title='bbox 1423 2605 1484 2641; x_wconf 87' lang='lat' dir='ltr'>pro</span> <span class='ocrx_word' id='word_1_608' title='bbox 1504 2603 1583 2628; x_wconf 87' lang='lat' dir='ltr'>vero</span> <span class='ocrx_word' id='word_1_609' title='bbox 1600 2592 1762 2639; x_wconf 86' lang='lat' dir='ltr'>expendi-</span> 
     </span>
     <span class='ocr_line' id='line_1_50' title="bbox 75 2651 147 2682; baseline 0 -5"><span class='ocrx_word' id='word_1_610' title='bbox 75 2651 147 2682; x_wconf 61' lang='grc' dir='ltr'>[υἷι</span> 
     </span>
    </p>

    <p class='ocr_par' dir='ltr' id='par_1_5' title="bbox 69 2701 1761 2853">
     <span class='ocr_line' id='line_1_51' title="bbox 168 2701 1760 2754; baseline -0.001 -14"><span class='ocrx_word' id='word_1_611' title='bbox 168 2707 294 2754; x_wconf 79' lang='lat' dir='ltr'>Argues</span> <span class='ocrx_word' id='word_1_612' title='bbox 304 2702 459 2742; x_wconf 66' lang='lat' dir='ltr'>secunde).</span> <span class='ocrx_word' id='word_1_613' title='bbox 509 2709 649 2743; x_wconf 86' lang='lat' dir='ltr'>Materia</span> <span class='ocrx_word' id='word_1_614' title='bbox 661 2704 834 2742; x_wconf 66' lang='lat' dir='ltr'>necessaria</span> <span class='ocrx_word' id='word_1_615' title='bbox 844 2717 907 2752; x_wconf 93' lang='lat' dir='ltr'>pro</span> <span class='ocrx_word' id='word_1_616' title='bbox 917 2716 1000 2740; x_wconf 89' lang='lat' dir='ltr'>auro</span> <span class='ocrx_word' id='word_1_617' title='bbox 1023 2704 1236 2741; x_wconf 85' lang='lat' dir='ltr'>conficiendo</span> <span class='ocrx_word' id='word_1_618' title='bbox 1245 2704 1308 2741; x_wconf 79' lang='lat' dir='ltr'>effe</span> <span class='ocrx_word' id='word_1_619' title='bbox 1321 2704 1426 2741; x_wconf 83' lang='lat' dir='ltr'>solum</span> <span class='ocrx_word' id='word_1_620' title='bbox 1438 2702 1579 2737; x_wconf 80' lang='lat' dir='ltr'>halitum</span> <span class='ocrx_word' id='word_1_621' title='bbox 1590 2701 1760 2738; x_wconf 84' lang='lat' dir='ltr'>inclusum</span> 
     </span>
     <span class='ocr_line' id='line_1_52' title="bbox 71 2750 1761 2802; baseline -0.002 -13"><span class='ocrx_word' id='word_1_622' title='bbox 71 2756 106 2789; x_wconf 88' lang='lat' dir='ltr'>in</span> <span class='ocrx_word' id='word_1_623' title='bbox 120 2765 212 2790; x_wconf 86' lang='lat' dir='ltr'>terrae</span> <span class='ocrx_word' id='word_1_624' title='bbox 220 2754 395 2791; x_wconf 88' lang='lat' dir='ltr'>visceribus</span> <span class='ocrx_word' id='word_1_625' title='bbox 406 2780 415 2796; x_wconf 93' lang='lat'>,</span> <span class='ocrx_word' id='word_1_626' title='bbox 437 2757 525 2793; x_wconf 88' lang='lat' dir='ltr'>hunc</span> <span class='ocrx_word' id='word_1_627' title='bbox 535 2757 653 2793; x_wconf 88' lang='lat' dir='ltr'>habere</span> <span class='ocrx_word' id='word_1_628' title='bbox 671 2765 844 2802; x_wconf 88' lang='lat' dir='ltr'>nequeunt</span> <span class='ocrx_word' id='word_1_629' title='bbox 859 2755 1019 2792; x_wconf 80' lang='lat' dir='ltr'>chvmici,</span> <span class='ocrx_word' id='word_1_630' title='bbox 1047 2755 1140 2802; x_wconf 73' lang='lat' dir='ltr'>ergo.</span> <span class='ocrx_word' id='word_1_631' title='bbox 1193 2753 1406 2802; x_wconf 86' lang='lat' dir='ltr'>Respondeo‚</span> <span class='ocrx_word' id='word_1_632' title='bbox 1419 2751 1511 2798; x_wconf 69' lang='lat' dir='ltr'>poste</span> <span class='ocrx_word' id='word_1_633' title='bbox 1522 2750 1663 2785; x_wconf 86' lang='lat' dir='ltr'>metallis</span> <span class='ocrx_word' id='word_1_634' title='bbox 1674 2752 1761 2786; x_wconf 83' lang='lat' dir='ltr'>hali-</span> 
     </span>
     <span class='ocr_line' id='line_1_53' title="bbox 69 2799 1758 2853; baseline -0.001 -14"><span class='ocrx_word' id='word_1_635' title='bbox 69 2804 248 2840; x_wconf 76' lang='lat' dir='ltr'>ruminum</span> <span class='ocrx_word' id='word_1_636' title='bbox 259 2803 508 2841; x_wconf 86' lang='lat' dir='ltr'>subterraneum</span> <span class='ocrx_word' id='word_1_637' title='bbox 520 2808 678 2842; x_wconf 85' lang='lat' dir='ltr'>inbaerere</span> <span class='ocrx_word' id='word_1_638' title='bbox 688 2830 697 2845; x_wconf 87' lang='lat'>,</span> <span class='ocrx_word' id='word_1_639' title='bbox 715 2807 772 2851; x_wconf 83' lang='lat' dir='ltr'>qui</span> <span class='ocrx_word' id='word_1_640' title='bbox 783 2805 822 2838; x_wconf 87' lang='lat' dir='ltr'>ad</span> <span class='ocrx_word' id='word_1_641' title='bbox 832 2802 1078 2839; x_wconf 65' lang='lat' dir='ltr'>confectionem</span> <span class='ocrx_word' id='word_1_642' title='bbox 1090 2806 1160 2839; x_wconf 85' lang='lat' dir='ltr'>auri</span> <span class='ocrx_word' id='word_1_643' title='bbox 1170 2807 1363 2853; x_wconf 88' lang='lat' dir='ltr'>requiritur,</span> <span class='ocrx_word' id='word_1_644' title='bbox 1382 2801 1527 2850; x_wconf 70' lang='lat' dir='ltr'>cumque</span> <span class='ocrx_word' id='word_1_645' title='bbox 1538 2799 1596 2836; x_wconf 82' lang='lat' dir='ltr'>ubi</span> <span class='ocrx_word' id='word_1_646' title='bbox 1607 2802 1655 2836; x_wconf 77' lang='lat' dir='ltr'>vis</span> <span class='ocrx_word' id='word_1_647' title='bbox 1669 2803 1758 2849; x_wconf 84' lang='lat' dir='ltr'>ignis</span> 
     </span>
    </p>
   </div>
   <div class='ocr_carea' id='block_1_5' title="bbox 69 2852 1155 2905">
    <p class='ocr_par' dir='ltr' id='par_1_6' title="bbox 69 2852 1155 2905">
     <span class='ocr_line' id='line_1_54' title="bbox 69 2852 1155 2905; baseline 0.002 -16"><span class='ocrx_word' id='word_1_648' title='bbox 69 2855 107 2889; x_wconf 87' lang='lat' dir='ltr'>in</span> <span class='ocrx_word' id='word_1_649' title='bbox 118 2852 296 2892; x_wconf 83' lang='lat' dir='ltr'>fornaculis</span> <span class='ocrx_word' id='word_1_650' title='bbox 309 2854 476 2892; x_wconf 86' lang='lat' dir='ltr'>decoxerit</span> <span class='ocrx_word' id='word_1_651' title='bbox 486 2881 497 2900; x_wconf 84' lang='lat'>‚</span> <span class='ocrx_word' id='word_1_652' title='bbox 518 2855 664 2893; x_wconf 84' lang='lat' dir='ltr'>sufficere</span> <span class='ocrx_word' id='word_1_653' title='bbox 672 2853 762 2905; x_wconf 75' lang='lat' dir='ltr'>polle</span> <span class='ocrx_word' id='word_1_654' title='bbox 773 2854 815 2890; x_wconf 87' lang='lat' dir='ltr'>ad</span> <span class='ocrx_word' id='word_1_655' title='bbox 824 2852 1061 2890; x_wconf 77' lang='lat' dir='ltr'>formationem</span> <span class='ocrx_word' id='word_1_656' title='bbox 1071 2857 1155 2891; x_wconf 90' lang='lat' dir='ltr'>auri.</span> 
     </span>
    </p>
   </div>
   <div class='ocr_carea' id='block_1_6' title="bbox 1631 3017 1758 3062">
    <p class='ocr_par' dir='ltr' id='par_1_7' title="bbox 1631 3017 1758 3062">
     <span class='ocr_line' id='line_1_55' title="bbox 1631 3017 1758 3062; baseline 0 -13"><span class='ocrx_word' id='word_1_657' title='bbox 1631 3017 1758 3062; x_wconf 72' lang='lat' dir='ltr'>Asgues</span> 
     </span>
    </p>
   </div>
  </div>
 </body>
</html>
