2060 3444
275 162 383 231 236
911 160 1287 232 Meteorologia

276 247 459 293 serpentem
472 245 663 295 progenies,
676 246 925 281 veneno‘tamen
941 248 1099 281 immunis
1111 246 1293 295 quotannis
1303 242 1464 292 pullulare
1475 242 1567 280 solet.
1615 244 1655 277 In
1668 243 1725 279 hac
1738 243 1891 292 spelunca
1902 234 1969 281 elea

273 297 464 343 phant'iacos
477 319 486 334 ,
518 294 662 342 leprosos
678 319 687 335 ‚
711 295 907 343 paralyticos
919 318 928 334 ,
955 296 1144 331 arthriticos
1154 319 1165 334 ‚
1198 294 1409 341 podagricos,
1432 292 1662 340 similibusque
1675 294 1852 340 desperatis
1864 308 1967 329 mem-

276 346 414 380 brorum
426 343 662 379 affectionibus
674 344 977 380 laborantes'nudos
986 353 1149 391 exponere
1163 343 1289 382 solent,
1317 346 1380 390 'qui
1389 346 1485 377 'more
1496 342 1663 376 halituum
1678 341 1967 379 subterraneorum

277 394 384 430 calore
394 398 428 428 in
441 395 591 428 sudorem
600 393 735 429 resoluti
746 417 756 434 ‚
779 395 967 441 serpentum
979 395 1239 442 propullantium
1253 416 1263 432 ,
1288 395 1321 427 &
1334 403 1443 426 totum
1456 404 1574 438 corpus
1587 391 1713 425 infirmi
1725 393 1964 438 implicantiurn

279 442 389 482 snitu,
404 442 577 490 lineluque
591 445 635 477 ita
649 446 743 478 omni
757 443 876 479 vitioso
885 444 1026 477 humore
1039 445 1159 491 privari
1174 443 1331 476 dicuntur
1343 465 1352 480 ‚
1377 453 1413 475 ut
1425 445 1565 488 repetito
1578 440 1646 474 ‘boc
1660 442 1714 487 per
1728 440 1860 487 aliquod
1879 456 1963 478 tem·

277 506 338 540 pus
350 492 731 528 medicamento'randem
743 492 894 541 perfe&ae
907 491 1036 527 sanitati
1054 493 1280 529 restituantur.
1330 491 1460 526 Notum
1473 491 1567 525 estde
1576 490 1701 536 Ct‘ypta
1714 491 1962 527 D.1>aulrinln.

275 542 343 577 sula
355 541 534 579 Melitenfi.
587 543 690 577 Terra
704 543 778 578 huic
792 541 1012 576 candidiffima
1024 542 1070 577 est
1082 567 1095 590 ‚
1121 553 1193 589 qua:
1206 539 1358 576 adversus
1377 543 1524 575 toxicum
1538 538 1800 587 propulsandum
1821 544 1960 577 remedi·

274 604 329 627 um
342 589 403 625 esse
412 589 693 636 praesentiffimurn
707 590 901 628 celebratur.
1180 633 1183 636 ,
1334 624 1337 627 μ
1421 627 1424 634 ,
1498 628 1501 630 ,
1667 629 1669 632 ,
1843 633 1847 636 ,
1906 630 1909 633 ,

375 641 672 682 Quemadmodum
691 640 774 676 'vero
788 651 906 687 cryptae
923 637 1258 686 quaedamsalutiferis
1270 634 1573 684 qualita·tibus'sunt
1593 639 1731 686 pra-ditae
1744 662 1755 677 ,
1780 636 1825 672 ira
1843 640 1877 672 δε
1890 639 1958 676 aliae

269 691 381 724 noxiis
393 690 593 725 humoribus
602 690 779 735 abundant.
833 690 951 724 Talem
968 691 1054 724 inter
1067 689 1248 737 Neapolim
1262 688 1471 729 &Puteolos,
1495 688 1552 722 ubi
1562 690 1612 723 via
1625 688 1664 721 ad
1677 688 1831 723 Paludem
1846 688 1958 735 Agna.

269 743 303 772 ni
313 739 516 779 inflezstitur,
536 737 672 787 'specum
683 738 745 774 esse
753 749 991 774 commemorat
999 740 1170 775 Cardanus
1179 739 1218 773 de
1232 735 1341 776 subtil,
1352 735 1412 776 lib,
1425 749 1460 776 7.
1472 737 1574 784 quam
1591 736 1807 772 subeuntibus
1817 739 1901 772 mire
1909 749 1962 773 ca-

269 789 477 835 putlaeditur.
529 789 624 825 Est&
636 789 722 836 apud
738 789 886 836 Phrygias
905 788 1087 835 Hierapolim
1099 800 1189 824 terrae
1206 788 1334 826 hiatus,
1354 794 1398 822 *ex
1412 800 1480 835 quo
1501 786 1531 820 se
1550 785 1580 821 se
1597 792 1752 834 promens
1771 789 1903 834 spiritus
1917 789 1962 822 le-

266 837 365 873 thalis
377 861 387 876 ‚
425 838 592 886 quidquid
621 835 783 873 accesserit
803 840 954 884 proprius
964 861 974 876 ,
996 849 1109 873 enecat
1121 836 1307 874 confestim.
1357 835 1533 874 Mirabile,
1561 835 1582 870 fi
1600 836 1786 871 fabulosum
1805 848 1875 872 non
1896 840 1940 871 est
1950 862 1961 878 ‚

265 889 359 936 quod
369 886 474 922 olaus
485 890 629 936 Magnus
640 886 992 932 Histor.leptentrion.
1011 886 1058 921 lib
1070 899 1099 925 2.
1112 899 1223 932 cap.4.
1233 883 1334 923 refert
1346 909 1356 925 ,
1382 892 1504 933 'nempe
1516 880 1578 919 esst
1592 894 1740 933 cryptam
1752 886 1893 920 subterra
1901 899 1960 920 ne..

266 951 320 972 am
330 938 430 984 prope
441 936 620 972 littoralem
645 936 760 972 urbem
771 932 943 983 Viburgum
958 938 1083 970 Smellen
1095 938 1217 971 dietam
1229 959 1238 974 ,
1261 948 1332 984 quae
1344 935 1420 982 ‘ejus
1434 934 1570 970 occultae
1589 939 1720 970 virtutis
1739 935 1803 974 est,
1828 943 1867 969 ut
1888 940 1959 970 ani-

269 989 349 1021 mali
360 989 480 1021 vivoin
491 987 592 1034 ipsam
602 988 751 1034 projecto
763 997 831 1020 tam
845 984 1013 1020 horribilis
1024 986 1121 1021 sonus
1132 989 1164 1020 in
1175 997 1211 1020 ea
1221 988 1391 1026 excitetur,
1403 997 1438 1020 ur
1450 997 1551 1031 prope
1563 985 1722 1019 adstantes
1735 984 1866 1031 fragore
1879 986 1966 1031 paene

265 1039 446 1071 exanimet.
496 1039 586 1071 Hinc
599 1039 776 1084 ingruente
799 1034 982 1069 hostilitate
995 1034 1167 1081 praefectus
1180 1047 1272 1069 rerrae
1289 1034 1380 1081 jubet
1398 1033 1607 1068 subditorum
1630 1046 1722 1068 aures
1746 1034 1815 1068 cera
1835 1035 1958 1070 obduci

265 1098 302 1121 ac
318 1085 386 1121 sese
396 1086 534 1121 cellariis
554 1099 590 1120 ac
608 1088 710 1120 antris
725 1083 905 1128 abscondi3
930 1084 1065 1119 demum
1079 1084 1108 1119 se
1122 1086 1275 1119 muniens
1289 1107 1299 1123 ,
1323 1082 1589 1131 animalaliquod
1610 1082 1659 1117 vel
1679 1083 1766 1117 hasta
1778 1104 1787 1122 ,
1814 1082 1865 1118 vel
1877 1083 1958 1119 fune

265 1138 447 1183 praecipitar
466 1140 500 1170 in
513 1147 550 1169 os
569 1134 739 1182 speluncae.
793 1137 877 1168 Mox
895 1145 961 1167 tam
976 1134 1112 1168 horrido
1130 1136 1260 1182 mugitu
1270 1132 1422 1181 personat
1447 1144 1578 1167 antrum
1590 1156 1599 1171 ,
1628 1144 1665 1166 ur
1680 1133 1813 1180 fragore
1822 1134 1957 1178 percussi

265 1186 376 1220 hostes
387 1188 421 1219 in
438 1196 556 1219 terram
569 1197 628 1219 ceu
638 1183 810 1217 mactanda
823 1195 938 1230 pecora
955 1182 1171 1220 collabantur.
1212 1184 1374 1218 Narratur
1391 1184 1488 1217 etiam
1502 1183 1542 1216 de
1558 1193 1655 1216 antro
1670 1182 1863 1220 Puteolano,
1876 1184 1958 1217 adeo

266 1234 372 1269 craffis
383 1232 824 1269 abundareexhalationibus
839 1255 849 1271 ,
874 1243 911 1266 ut
921 1233 1075 1267 animalia
1093 1233 1180 1267 illata
1196 1231 1285 1279 quasi
1304 1234 1338 1267 in
1352 1243 1525 1267 momento
1543 1230 1725 1275 stupefaeto
1740 1243 1775 1265 ac
1785 1233 1959 1267 demortua

266 1286 515 1330 comperiantur
526 1307 536 1322 ,
562 1282 671 1318 subito
686 1281 764 1317 veto
775 1306 783 1322 ,
809 1282 890 1316 acin
902 1284 1048 1316 vicinum
1064 1283 1195 1329 Agnani
1206 1283 1313 1317 lacum
1327 1277 1583 1328 submerguntur
1595 1280 1612 1316 ὲ
1624 1281 1752 1327 stupore
1762 1280 1898 1315 liberata
1907 1293 1958 1315 re·

263 1332 442 1370 viviscunt.
493 1335 581 1368 Hinc
595 1332 665 1367 vult
675 1332 860 1369 Cardauus,
878 1330 1051 1378 plerasque
1062 1331 1289 1374 subterraneas
1299 1331 1588 1378 cryptashumano
1597 1333 1709 1377 generi
1720 1329 1893 1371 adversari,
1915 1334 1954 1365 ’δὲ

264 1381 436 1418 venenofis
447 1381 640 1417 humoribus
652 1381 793 1428 pollere,
819 1383 1035 1427 naminquit,
1061 1380 1218 1415 desubtil.
1232 1379 1289 1417 lib.
1303 1386 1370 1418 2'o.,
1389 1379 1410 1414 ‘si
1424 1379 1607 1414 halitusille
1618 1379 1758 1425 lapides,
1784 1379 1955 1414 &durissi-

262 1444 316 1466 ma
326 1433 398 1466 laxa
409 1433 545 1466 exedere
557 1433 685 1478 potuit,
712 1443 811 1477 quam
825 1432 891 1464 vim
904 1432 938 1463 in
950 1429 1104 1465 mortales
1117 1430 1204 1478 ipsos
1211 1429 1378 1465 obtinebit
1390 1428 1407 1468 '3
1435 1428 1676 1476 Accedir,qu·od
1688 1429 1790 1464 &eluti
1802 1428 1955 1476 stagnans

263 1480 386 1516 ibidem
399 1494 452 1515 aer
468 1480 564 1515 facile
577 1481 856 1527 computrescent.
905 1479 1005 1514 unde
1552 1519 1555 1522 ἱ
1677 1515 1681 1517 μ
1879 1519 1885 1525 .
1907 1522 1909 1525 ι

361 1526 497 1575 Quaeres
509 1530 619 1565 tertio.
672 1529 750 1573 Qua
761 1531 892 1564 ratione
901 1527 1136 1576 dignoscantur
1155 1532 1275 1576 cryptae
1297 1532 1464 1563 'venena'tae
1475 1528 1508 1563 ’δε
1519 1525 1693 1562 salutares?
1703 1523 1829 1574 'Respssi
1841 1526 1892 1562 vel
1905 1526 1955 1562 fa-

262 1592 313 1614 ces
329 1580 532 1619 non-ardent,
561 1580 612 1614 vel
625 1577 718 1613 facile
738 1579 850 1613 rursus
866 1578 1132 1627 exstinguantur,
1156 1578 1370 1626 fignumesse,
1387 1583 1495 1613 aerem
1507 1575 1670 1613 lethiferis
1689 1576 1955 1614 exhalationibus

260 1630 402 1664 multum
414 1628 576 1663 infestum
586 1630 785 1662 intoxicatus
795 1629 883 1660 enim
894 1629 948 1661 ae'r
957 1626 1131 1662 difficulter
1139 1630 1413 1676 repurgationem
1423 1644 1435 1666 3
1461 1639 1563 1675 quam
1579 1628 1667 1673 ‘ignis
1677 1623 1787 1660 adfert
1795 1648 1806 1664 ,
1831 1626 1953 1662 admit-

262 1680 313 1713 tit.
365 1678 460 1712 Unde
471 1677 621 1712 satiusest
632 1701 641 1716 ,
667 1678 821 1723 utinquit
833 1674 1005 1710 Gardanus
1015 1699 1025 1714 ,
1051 1671 1176 1723 ssmiles
1189 1676 1378 1722 specus‘non
1389 1677 1529 1723 ingredi.
1578 1677 1720 1709 Econtra
1733 1675 1894 1709 indicium
1903 1677 1954 1711 se-

263 1729 410 1762 curiratis
419 1727 484 1764 est,
512 1725 747 1762 &salutarium
757 1729 947 1771 cryptarum
959 1747 968 1762 .
993 1722 1017 1758 ‘fi
1027 1729 1118 1772 aq‘uae
1127 1725 1236 1760 dulces
1245 1724 1397 1767 salutares
1410 1725 1549 1770 perilla's
1559 1734 1739 1771 permeant.
1786 1723 1867 1759 'item
1878 1725 1950 1760 her=

259 1777 377 1811 barum
389 1800 398 1815 ‚
423 1788 459 1809 ac
475 1774 631 1809 arborum
655 1772 898 1809 salutiferarum
914 1776 949 1807 in
963 1772 1054 1820 lapso
1070 1773 1214 1808 luxuria.
1262 1772 1437 1809 'Caeterum
1450 1786 1490 1808 ex
1510 1777 1613 1807 antris
1630 1772 1848 1808 subterraneis
1867 1773 1949 1820 ‘saep'e

256 1828 354 1862 eriam
367 1825 461 1871 pestis
473 1829 506 1859 &
526 1825 682 1870 contagio
694 1821 836 1856 nascitur
845 1844 856 1860 ,
883 1818 962 1856 dum
976 1831 1095 1856 *eorum
1107 1823 1216 1857 fauces
1233 1822 1378 1858 maxime
1392 1835 1447 1870 per
1458 1830 1554 1857 terrae
1567 1822 1813 1857 concussionem
1824 1823 1948 1858 'restana

258 1887 329 1915 tur,
356 1879 389 1909 &
399 1873 624 1908 exhalationes
636 1873 705 1906 suas
719 1871 864 1917 putridas
874 1893 884 1908 2
909 1869 1183 1918 mineraliumque
1193 1877 1435 1906 venenatorum
1449 1869 1851 1918 qualitatibusinfcetasin
1861 1874 1949 1907 radia

261 1937 327 1969 ces,
354 1922 494 1970 plantas,
520 1924 667 1969 gramina
684 1944 694 1959 ‚
721 1925 754 1956 ὃς
770 1918 926 1954 arborum
952 1918 1078 1954 fruetus
1099 1921 1262 1957 erusteus.
1313 1923 1395 1964 Qae
1413 1921 1532 1954 deinde
1555 1923 1587 1954 in
1600 1919 1758 1955 alimenta
1768 1919 1927 1968 assumpta
1938 1943 1950 1964 9

258 1972 617 2022 sanguineminficiunt
634 1970 667 2005 δε
685 1974 905 2015 corrumpunt
917 1991 926 2006 ,
949 1967 1127 2003 actandem
1142 1968 1329 2016 pestiferam
1343 1969 1431 2003 luem
1444 1979 1677 2017 progenerant,
1886 2013 1888 2015 q

354 2025 488 2067 Quaeres
498 2017 629 2069 quarto.
659 2020 751 2053 Num
771 2019 829 2052 uix
850 2021 884 2052 &
899 2017 1016 2064 glacies
1032 2029 1066 2051 ac
1079 2019 1204 2064 grando
1218 2020 1251 2052 in
1263 2017 1420 2064 specubus
1432 2029 1618 2064 generetur.
1640 2014 1841 2066 Respondeo
1857 2020 1949 2056 'affir-

259 2073 400 2110 mative,
425 2072 517 2118 quod
539 2081 616 2104 tunc
635 2068 716 2103 soler
728 2070 933 2114 contingere.
985 2068 1130 2109 Quando
1147 2064 1414 2102 exhalationesin
1427 2066 1627 2115 frigidam&
1640 2067 1770 2102 nitrosis
1781 2068 1950 2116 spiritibus

257 2120 412 2164 refertam
427 2130 614 2167 cryptarum
629 2117 995 2163 fornicem'impingunt
1006 2140 1016 2155 ,
1041 2115 1134 2161 cujus
1146 2115 1270 2163 frigore
1281 2134 1292 2154 -‚
1331 2119 1522 2164 priusquam
1535 2119 1568 2151 in
1581 2125 1697 2164 aquam
1708 2115 1883 2164 diffluant,
1908 2123 1946 2155 in

256 2173 370 2205 niveos
381 2170 498 2204 floccos
511 2165 764 2203 condensantur.
779 2164 881 2211 Quod
893 2164 913 2199 si
927 2165 1004 2200 vero
1016 2177 1150 2211 vapores
1162 2168 1194 2199 in
1206 2161 1372 2200 recidente
1383 2165 1473 2211 quasi
1488 2164 1634 2212 pluviam
1651 2164 1776 2201 fuerint
1789 2166 1939 2204 conversi

257 2219 507 2263 superveniente
518 2216 683 2264 frigidiori
697 2227 872 2250 ventorum
887 2214 967 2249 flua
980 2241 989 2254 ,
1013 2216 1158 2249 etiamin
1169 2215 1365 2261 grandinem
1378 2214 1561 2261 &glaciem
1578 2216 1835 2253 contrahuntur.
1869 2216 1943 2253 Me-

259 2280 387 2303 reorum
400 2268 509 2301 hocin
522 2268 646 2300 montis
656 2267 773 2299 Sorani
786 2275 898 2309 crypta
911 2262 1104 2298 observatur
1115 2288 1123 2303 ,
1148 2276 1220 2310 quae
1238 2262 1450 2310 velutiglacie
1463 2264 1638 2298 incrustata
1647 2264 1691 2299 est
1704 2265 1895 2311 ingentibus
1905 2269 1940 2302 in

257 2316 388 2352 fornice
409 2316 485 2350 hinc
501 2313 576 2349 inde
602 2314 685 2348 striis
708 2313 983 2360 dependentibus.
1033 2311 1271 2347 Conficiuntur
1280 2324 1320 2345 ex
1336 2313 1384 2346 his
1394 2313 1506 2347 aestivo
1518 2324 1668 2359 tempore
1678 2326 1735 2360 per
1748 2326 1941 2362 opportuna

258 2364 376 2414 pocula
386 2394 398 2414 ‚
422 2363 543 2412 quibus
554 2362 660 2398 infusa
673 2375 757 2409 aqua
769 2361 821 2398 vel
832 2363 945 2396 vinum
957 2373 1164 2409 quantocyus
1173 2360 1420 2408 referigeratur.
1471 2361 1598 2397 Similes
1621 2361 1732 2409 specus
1741 2365 1780 2397 ad
1789 2375 1939 2400 montem

257 2416 417 2453 -AEthnam
428 2413 536 2461 plures
549 2413 699 2447 visuntur
711 2436 722 2450 ,
747 2415 783 2447 in
795 2409 916 2459 quibus
926 2410 1074 2446 servatur
1088 2413 1144 2445 nix
1157 2409 1197 2445 ab
1208 2411 1348 2458 incolis3
1374 2413 1459 2446 inter
1472 2423 1552 2459 quas
1570 2414 1694 2446 eminet
1712 2416 1823 2448 Grotta
1835 2423 1939 2458 jnouw'r
1990 2450 1997 2457 ,

258 2469 294 2501 &
304 2469 414 2514 §rma
428 2463 499 2497 delle
510 2475 586 2496 neve
598 2461 709 2496 usibus
721 2459 958 2496 Catanensium
972 2461 1006 2494 in
1016 2459 1122 2494 aestate
1135 2459 1360 2496 inservientes.

354 2516 488 2558 Qoeres
498 2510 637 2559 quinto:
667 2510 863 2547 Hndeloni,
890 2511 948 2556 qui
962 2508 1209 2556 quandoquein
1229 2507 1445 2543 subterraneis
1462 2504 1624 2544 meatibus
1639 2507 1866 2556 cymbalorum
1883 2508 1939 2547 in-

259 2564 322 2599 star
333 2563 548 2598 inaudiuntur
561 2584 571 2598 ,
600 2557 824 2607 proveniant?
871 2558 1071 2604 Respondeo
1084 2583 1092 2598 .
1121 2557 1222 2593 sonos
1236 2557 1295 2592 hos
1308 2556 1447 2592 muficos
1460 2557 1675 2604 probabiliter
1695 2573 1735 2595 ex
1752 2574 1792 2595 eo
1818 2574 1937 2609 prove-

259 2616 330 2649 nire
342 2636 353 2651 ,
379 2610 470 2660 quod
479 2612 575 2646 variis
587 2613 622 2645 δε
633 2608 813 2644 differentis
823 2604 1063 2653 magnitudinis
1073 2607 1240 2642 canalibus
1249 2606 1422 2641 cavernosa
1435 2618 1528 2642 antra
1541 2607 1601 2642 sint
1616 2610 1649 2643 in
1658 2609 1787 2649 struck,
1806 2612 1841 2644 in
1850 2622 1934 2657 quos

259 2662 351 2697 velut
368 2663 402 2696 in
419 2661 536 2707 organi
550 2657 686 2705 alicujus
705 2656 826 2692 fistulas
840 2655 1001 2691 immistus
1012 2656 1207 2696 ventus,ubi
1221 2655 1457 2703 constringitur
1468 2660 1502 2692 δε
1517 2658 1713 2697 coaretatur,
1723 2661 1756 2693 in
1767 2661 1872 2694 varios
1882 2660 1934 2693 so-

258 2723 319 2746 nos
332 2712 536 2758 prorumpit.
586 2710 638 2744 De
649 2706 705 2742 tali
715 2704 908 2753 speluncain
921 2707 1089 2741 Britannia
1103 2705 1237 2741 testatur
1245 2704 1352 2743 Clem.
1367 2703 1527 2743 Alexand.
1545 2719 1619 2755 quae
1631 2707 1856 2753 cymbalorum
1868 2720 1934 2742 nu.

259 2758 384 2800 merose
401 2757 604 2805 pulsatorum
622 2757 790 2804 strepitum
807 2756 847 2788 ad
872 2757 962 2789 venti
983 2753 1161 2803 ingressum
1182 2754 1263 2789 soler
1278 2753 1433 2789 aemulari.
1486 2756 1655 2790 Memorat
1666 2759 1764 2791 etiam
1775 2758 1930 2792 Fournier

258 2804 542 2855 Geogtaph.Orb.
555 2816 625 2844 nor.
637 2804 698 2843 lib.
712 2816 745 2853 ς.
757 2816 827 2850 cap.
841 2814 854 2840 Ι
865 2815 895 2848 5.
916 2805 951 2839 in
973 2805 1065 2839 Burri
1083 2802 1187 2839 insula
1205 2803 1245 2838 ad
1258 2802 1416 2841 Walliam
1429 2803 1613 2839 Australem
1633 2818 1747 2852 rupem
1764 2806 1931 2852 quandam

258 2860 418 2891 marinam
432 2855 494 2892 esse
507 2881 516 2896 ,
541 2867 612 2904 quae
630 2855 660 2889 se
671 2857 705 2890 in
719 2854 882 2889 modicam
896 2854 1012 2888 rimam
1025 2853 1153 2888 diducit
1163 2881 1175 2902 ‚
1201 2856 1254 2888 cui
1264 2852 1286 2887 fi
1296 2854 1382 2887 auris
1391 2852 1600 2900 applicatur,
1629 2853 1820 2890 observatur
1838 2854 1929 2902 quasi

257 2904 385 2940 fabrilis
397 2903 537 2940 officinae
546 2904 710 2940 tumultus
720 2926 731 2942 ,
756 2913 843 2937 nunc
856 2899 987 2936 follium
999 2902 1112 2942 flatus,
1139 2913 1228 2937 nunc
1237 2903 1394 2948 repetitus
1408 2902 1603 2938 malleorum
1614 2904 1709 2944 icil-us,
1734 2914 1825 2938 ortus
1836 2916 1930 2940 nem·

257 2965 296 3002 pe
307 2967 347 2989 ex
360 2952 533 3000 multiplici
545 2953 705 2989 halituum
716 2955 750 2987 δε
761 2961 935 2987 ventorum
947 2951 1126 2986 reflexione
1133 2962 1169 2985 ac
1178 2953 1218 2985 ad
1229 2961 1415 2998 cryptarum
1431 2950 1532 2987 latera
1549 2951 1697 2986 allisione
1706 2953 1831 2986 auQus.

344 3002 506 3047 Reliqua,
531 3015 604 3050 quae
614 3004 713 3049 quaeri
725 2999 872 3048 possent,
898 3008 934 3035 ut
947 3000 985 3034 de
1004 3001 1254 3047 magnitudine,
1272 3000 1452 3039 strada-ura,
1482 3000 1589 3036 forma
1609 3013 1644 3035 ac
1666 3000 1807 3035 mirabili
1819 3005 1928 3049 parti-

256 3064 311 3088 um
324 3050 559 3087 constitutione
576 3075 585 3091 ‚
613 3052 787 3086 Historicis
800 3047 1013 3096 relinquenda
1024 3048 1099 3084 sunt
1112 3073 1122 3088 ,
1146 3061 1267 3089 unum,
1292 3045 1469 3085 alterumve
1484 3051 1643 3085 duntaxat
1652 3049 1781 3083 curioso
1792 3052 1924 3088 Leetori

254 3100 413 3136 subnecsto
440 3109 450 3138 t
476 3098 597 3134 Narrat
608 3102 799 3134 Americana
811 3098 957 3133 Historia
968 3098 1007 3132 de
1017 3097 1186 3134 montibus
1200 3095 1338 3132 Andium
1347 3119 1357 3136 ,
1383 3099 1475 3145 quod
1495 3102 1530 3134 in
1545 3098 1595 3132 his
1607 3097 1740 3132 horrida
1749 3110 1923 3136 antrorum

253 3146 453 3198 receptacula
468 3151 717 3184 tantaecavitatis
733 3149 958 3195 reperiantur,
981 3158 1016 3182 ut
1028 3150 1166 3196 integris
1176 3145 1385 3196 Regionibus
1407 3149 1442 3182 in
1462 3157 1596 3183 terrena.
1606 3145 1775 3194 superficie
1788 3161 1857 3183 non
1869 3161 1923 3184 ce-

1828 3198 1917 3239 dant.

2057 380 2060 396 .

2054 500 2060 614 ἰ
